%% This BibTeX bibliography file was created using BibDesk.
%% http://bibdesk.sourceforge.net/


%% Created for Travis Hurst at 2014-05-15 15:59:38 -0400 


%% Saved with string encoding Unicode (UTF-8) 

@ARTICLE{Sofue2001,
   author = {{Sofue}, Y. and {Rubin}, V.},
    title = "{Rotation Curves of Spiral Galaxies}",
  journal = {ARAA},
   eprint = {astro-ph/0010594},
     year = 2001,
   volume = 39,
    pages = {137-174},
      doi = {10.1146/annurev.astro.39.1.137},
   adsurl = {http://adsabs.harvard.edu/abs/2001ARA%26A..39..137S},
  adsnote = {Provided by the SAO/NASA Astrophysics Data System}
}


@ARTICLE{Frieman2008,
   author = {{Frieman}, J.~A. and {Turner}, M.~S. and {Huterer}, D.},
    title = "{Dark Energy and the Accelerating Universe}",
  journal = {ARAA},
archivePrefix = "arXiv",
   eprint = {0803.0982},
     year = 2008,
    month = sep,
   volume = 46,
    pages = {385-432},
      doi = {10.1146/annurev.astro.46.060407.145243},
   adsurl = {http://adsabs.harvard.edu/abs/2008ARA%26A..46..385F},
  adsnote = {Provided by the SAO/NASA Astrophysics Data System}
}


@ARTICLE{HuNotes,
   author = {{Hu}, W.},
    title = "{Lecture Notes on CMB Theory: From Nucleosynthesis to Recombination}",
  journal = {ArXiv e-prints},
archivePrefix = "arXiv",
   eprint = {0802.3688},
 keywords = {Astrophysics},
     year = 2008,
    month = feb,
   adsurl = {http://adsabs.harvard.edu/abs/2008arXiv0802.3688H},
  adsnote = {Provided by the SAO/NASA Astrophysics Data System}
}

@ARTICLE{PQ1977,
   author = {{Peccei}, R.~D. and {Quinn}, H.~R.},
    title = "{CP conservation in the presence of pseudoparticles}",
  journal = {Physical Review Letters},
     year = 1977,
    month = jun,
   volume = 38,
    pages = {1440-1443},
      doi = {10.1103/PhysRevLett.38.1440},
   adsurl = {http://adsabs.harvard.edu/abs/1977PhRvL..38.1440P},
  adsnote = {Provided by the SAO/NASA Astrophysics Data System}
}

@webpage{VolkerSite,
	Date-Added = {2016-07-19 23:39:23 +0000},
	Date-Modified = {2016-07-19 20:57:52 +0000},
	Lastchecked = {July 19, 2016},
	Title = {Millennium Simulation Project \newline http://wwwmpa.mpa-garching.mpg.de/galform/virgo/millennium/},
	Bdsk-Url-1 = {http://wwwmpa.mpa-garching.mpg.de/galform/virgo/millennium/}}

@ARTICLE{Hu2000,
   author = {{Hu}, W. and {Barkana}, R. and {Gruzinov}, A.},
    title = "{Fuzzy Cold Dark Matter: The Wave Properties of Ultralight Particles}",
  journal = {Physical Review Letters},
   eprint = {astro-ph/0003365},
     year = 2000,
    month = aug,
   volume = 85,
    pages = {1158-1161},
      doi = {10.1103/PhysRevLett.85.1158},
   adsurl = {http://adsabs.harvard.edu/abs/2000PhRvL..85.1158H},
  adsnote = {Provided by the SAO/NASA Astrophysics Data System}
}


@ARTICLE{deRham2011,
   author = {{de Rham}, C. and {Gabadadze}, G. and {Tolley}, A.~J.},
    title = "{Resummation of Massive Gravity}",
  journal = {Physical Review Letters},
archivePrefix = "arXiv",
   eprint = {1011.1232},
 primaryClass = "hep-th",
 keywords = {Modified theories of gravity, Lagrangian and Hamiltonian approach, Lorentz and Poincare invariance},
     year = 2011,
    month = jun,
   volume = 106,
   number = 23,
      eid = {231101},
    pages = {231101},
      doi = {10.1103/PhysRevLett.106.231101},
   adsurl = {http://adsabs.harvard.edu/abs/2011PhRvL.106w1101D},
  adsnote = {Provided by the SAO/NASA Astrophysics Data System}
}

@ARTICLE{Aarseth1966,
   author = {{Aarseth}, S.~J.},
    title = "{Dynamical evolution of clusters of galaxies, II}",
  journal = {MNRAS},
     year = 1966,
   volume = 132,
    pages = {35},
      doi = {10.1093/mnras/132.1.35},
   adsurl = {http://adsabs.harvard.edu/abs/1966MNRAS.132...35A},
  adsnote = {Provided by the SAO/NASA Astrophysics Data System}
}

@ARTICLE{Deupree1987,
   author = {{Deupree}, R.~G. and {Wallace}, R.~K.},
    title = "{The core helium flash and surface abundance anomalies}",
  journal = {ApJ},
 keywords = {B Stars, Giant Stars, Helium, Hydrogen, Nuclear Fusion, Stellar Cores, Stellar Evolution, Stellar Interiors, Stellar Temperature},
     year = 1987,
    month = jun,
   volume = 317,
    pages = {724-732},
      doi = {10.1086/165319},
   adsurl = {http://adsabs.harvard.edu/abs/1987ApJ...317..724D},
  adsnote = {Provided by the SAO/NASA Astrophysics Data System}
}

@INBOOK{Handler2013,
   author = {{Handler}, G.},
    title = "{Asteroseismology}",
 keywords = {Physics},
booktitle = {Planets, Stars and Stellar Systems.~Volume 4: Stellar Structure and Evolution},
     year = 2013,
   editor = {{Oswalt}, T.~D. and {Barstow}, M.~A.},
    pages = {207},
      doi = {10.1007/978-94-007-5615-1_4},
   adsurl = {http://adsabs.harvard.edu/abs/2013pss4.book..207H},
  adsnote = {Provided by the SAO/NASA Astrophysics Data System}
}

@ARTICLE{Aartsen2016,
   author = {{Aartsen}, M.~G. and {Abraham}, K. and {Ackermann}, M. and {Adams}, J. and 
	{Aguilar}, J.~A. and {Ahlers}, M. and {Ahrens}, M. and {Altmann}, D. and 
	{Anderson}, T. and {Ansseau}, I. and et al.},
    title = "{Improved limits on dark matter annihilation in the Sun with the 79-string IceCube detector and implications for supersymmetry}",
  journal = {JCAP},
archivePrefix = "arXiv",
   eprint = {1601.00653},
 primaryClass = "hep-ph",
     year = 2016,
    month = apr,
   volume = 4,
      eid = {022},
    pages = {022},
      doi = {10.1088/1475-7516/2016/04/022},
   adsurl = {http://adsabs.harvard.edu/abs/2016JCAP...04..022A},
  adsnote = {Provided by the SAO/NASA Astrophysics Data System}
}

@ARTICLE{Gamow1948B,
   author = {{Gamow}, G.},
    title = "{The Evolution of the Universe}",
  journal = {Nature},
     year = 1948,
    month = oct,
   volume = 162,
    pages = {680-682},
      doi = {10.1038/162680a0},
   adsurl = {http://adsabs.harvard.edu/abs/1948Natur.162..680G},
  adsnote = {Provided by the SAO/NASA Astrophysics Data System}
}


@ARTICLE{Gamow1948A,
   author = {{Gamow}, G.},
    title = "{The Origin of Elements and the Separation of Galaxies}",
  journal = {Physical Review},
     year = 1948,
    month = aug,
   volume = 74,
    pages = {505-506},
      doi = {10.1103/PhysRev.74.505.2},
   adsurl = {http://adsabs.harvard.edu/abs/1948PhRv...74..505G},
  adsnote = {Provided by the SAO/NASA Astrophysics Data System}
}


@ARTICLE{Alpher1948,
   author = {{Alpher}, R.~A. and {Herman}, R.~C.},
    title = "{On the Relative Abundance of the Elements}",
  journal = {Physical Review},
     year = 1948,
    month = dec,
   volume = 74,
    pages = {1737-1742},
      doi = {10.1103/PhysRev.74.1737},
   adsurl = {http://adsabs.harvard.edu/abs/1948PhRv...74.1737A},
  adsnote = {Provided by the SAO/NASA Astrophysics Data System}
}


@ARTICLE{Chaplin2013,
   author = {{Chaplin}, W.~J. and {Miglio}, A.},
    title = "{Asteroseismology of Solar-Type and Red-Giant Stars}",
  journal = {ARAA},
archivePrefix = "arXiv",
   eprint = {1303.1957},
 primaryClass = "astro-ph.SR",
     year = 2013,
    month = aug,
   volume = 51,
    pages = {353-392},
      doi = {10.1146/annurev-astro-082812-140938},
   adsurl = {http://adsabs.harvard.edu/abs/2013ARA%26A..51..353C},
  adsnote = {Provided by the SAO/NASA Astrophysics Data System}
}

@ARTICLE{Planck15,
   author = {{Planck Collaboration} and {Ade}, P.~A.~R. and {Aghanim}, N. and 
	{Arnaud}, M. and {Ashdown}, M. and {Aumont}, J. and {Baccigalupi}, C. and 
	{Banday}, A.~J. and {Barreiro}, R.~B. and {Bartlett}, J.~G. and et al.},
    title = "{Planck 2015 results. XIII. Cosmological parameters}",
  journal = {ArXiv e-prints},
archivePrefix = "arXiv",
   eprint = {1502.01589},
 keywords = {Astrophysics - Cosmology and Nongalactic Astrophysics},
     year = 2015,
    month = feb,
   adsurl = {http://adsabs.harvard.edu/abs/2015arXiv150201589P},
  adsnote = {Provided by the SAO/NASA Astrophysics Data System}
}

@ARTICLE{Mackey2010,
   author = {{Mackey}, A.~D. and {Ferguson}, A.~M.~N. and {Irwin}, M.~J. and 
	{Martin}, N.~F. and {Huxor}, A.~P. and {Tanvir}, N.~R. and {Chapman}, S.~C. and 
	{Ibata}, R.~A. and {Lewis}, G.~F. and {McConnachie}, A.~W.},
    title = "{Deep Gemini/GMOS imaging of an extremely isolated globular cluster in the Local Group}",
  journal = {MNRAS},
archivePrefix = "arXiv",
   eprint = {0909.1456},
 keywords = {globular clusters: general, galaxies: individual: M31},
     year = 2010,
    month = jan,
   volume = 401,
    pages = {533-546},
      doi = {10.1111/j.1365-2966.2009.15678.x},
   adsurl = {http://adsabs.harvard.edu/abs/2010MNRAS.401..533M},
  adsnote = {Provided by the SAO/NASA Astrophysics Data System}

@ARTICLE{Walcher2006,
   author = {{Walcher}, C.~J. and {B{\"o}ker}, T. and {Charlot}, S. and {Ho}, L.~C. and 
	{Rix}, H.-W. and {Rossa}, J. and {Shields}, J.~C. and {van der Marel}, R.~P.
	},
    title = "{Stellar Populations in the Nuclei of Late-Type Spiral Galaxies}",
  journal = {Ap J},
   eprint = {astro-ph/0604138},
 keywords = {Galaxies: Nuclei, Galaxies: Spiral, Galaxies: Star Clusters, Galaxies: Structure},
     year = 2006,
    month = oct,
   volume = 649,
    pages = {692-708},
      doi = {10.1086/505166},
   adsurl = {http://adsabs.harvard.edu/abs/2006ApJ...649..692W},
  adsnote = {Provided by the SAO/NASA Astrophysics Data System}
}


@ARTICLE{Walcher2005,
   author = {{Walcher}, C.~J. and {van der Marel}, R.~P. and {McLaughlin}, D. and 
	{Rix}, H.-W. and {B{\"o}ker}, T. and {H{\"a}ring}, N. and {Ho}, L.~C. and 
	{Sarzi}, M. and {Shields}, J.~C.},
    title = "{Masses of Star Clusters in the Nuclei of Bulgeless Spiral Galaxies}",
  journal = {Ap J},
   eprint = {astro-ph/0409216},
 keywords = {Galaxies: Nuclei, Galaxies: Spiral, Galaxies: Star Clusters, Galaxies: Structure},
     year = 2005,
    month = jan,
   volume = 618,
    pages = {237-246},
      doi = {10.1086/425977},
   adsurl = {http://adsabs.harvard.edu/abs/2005ApJ...618..237W},
  adsnote = {Provided by the SAO/NASA Astrophysics Data System}
}

@ARTICLE{Boker2004,
   author = {{B{\"o}ker}, T. and {Sarzi}, M. and {McLaughlin}, D.~E. and 
	{van der Marel}, R.~P. and {Rix}, H.-W. and {Ho}, L.~C. and 
	{Shields}, J.~C.},
    title = "{A Hubble Space Telescope Census of Nuclear Star Clusters in Late-Type Spiral Galaxies. II. Cluster Sizes and Structural Parameter Correlations}",
  journal = {AJ},
   eprint = {astro-ph/0309761},
 keywords = {Galaxies: Nuclei, Galaxies: Spiral, Galaxies: Star Clusters},
     year = 2004,
    month = jan,
   volume = 127,
    pages = {105-118},
      doi = {10.1086/380231},
   adsurl = {http://adsabs.harvard.edu/abs/2004AJ....127..105B},
  adsnote = {Provided by the SAO/NASA Astrophysics Data System}
}

@ARTICLE{Taylor2015,
   author = {{Taylor}, M.~A. and {Puzia}, T.~H. and {Gomez}, M. and {Woodley}, K.~A.
	},
    title = "{Observational Evidence for a Dark Side to NGC 5128's Globular Cluster System}",
  journal = {Ap J},
archivePrefix = "arXiv",
   eprint = {1503.04198},
 keywords = {galaxies: individual: NGC 5128, galaxies: star clusters: general},
     year = 2015,
    month = may,
   volume = 805,
      eid = {65},
    pages = {65},
      doi = {10.1088/0004-637X/805/1/65},
   adsurl = {http://adsabs.harvard.edu/abs/2015ApJ...805...65T},
  adsnote = {Provided by the SAO/NASA Astrophysics Data System}
}

@ARTICLE{Ibata2013,
   author = {{Ibata}, R. and {Nipoti}, C. and {Sollima}, A. and {Bellazzini}, M. and 
	{Chapman}, S.~C. and {Dalessandro}, E.},
    title = "{Do globular clusters possess dark matter haloes? A case study in NGC 2419}",
  journal = {MNRAS},
archivePrefix = "arXiv",
   eprint = {1210.7787},
 keywords = {globular clusters: individual: NGC 2419, dark matter},
     year = 2013,
    month = feb,
   volume = 428,
    pages = {3648-3659},
      doi = {10.1093/mnras/sts302},
   adsurl = {http://adsabs.harvard.edu/abs/2013MNRAS.428.3648I},
  adsnote = {Provided by the SAO/NASA Astrophysics Data System}
}

@ARTICLE{Casanellas2011,
   author = {{Casanellas}, J. and {Lopes}, I.},
    title = "{Towards the use of asteroseismology to investigate the nature of dark matter}",
  journal = {MNRAS},
archivePrefix = "arXiv",
   eprint = {1008.0646},
 primaryClass = "astro-ph.CO",
 keywords = {asteroseismology, stars: fundamental parameters, stars: interiors, stars: low-mass, Galaxy: centre, dark matter},
     year = 2011,
    month = jan,
   volume = 410,
    pages = {535-540},
      doi = {10.1111/j.1365-2966.2010.17463.x},
   adsurl = {http://adsabs.harvard.edu/abs/2011MNRAS.410..535C},
  adsnote = {Provided by the SAO/NASA Astrophysics Data System}
}


@ARTICLE{Frandsen2010,
   author = {{Frandsen}, M.~T. and {Sarkar}, S.},
    title = "{Asymmetric Dark Matter and the Sun}",
  journal = {Physical Review Letters},
archivePrefix = "arXiv",
   eprint = {1003.4505},
 primaryClass = "hep-ph",
 keywords = {Dark matter, Technicolor models, Solar neutrinos, Helioseismology pulsations and shock waves},
     year = 2010,
    month = jul,
   volume = 105,
   number = 1,
      eid = {011301},
    pages = {011301},
      doi = {10.1103/PhysRevLett.105.011301},
   adsurl = {http://adsabs.harvard.edu/abs/2010PhRvL.105a1301F},
  adsnote = {Provided by the SAO/NASA Astrophysics Data System}
}

@ARTICLE{Purcell2009,
   author = {{Purcell}, C.~W. and {Bullock}, J.~S. and {Kaplinghat}, M.},
    title = "{The Dark Disk of the Milky Way}",
  journal = {Ap J},
archivePrefix = "arXiv",
   eprint = {0906.5348},
 primaryClass = "astro-ph.GA",
 keywords = {cosmology: theory, galaxies: evolution, galaxies: formation},
     year = 2009,
    month = oct,
   volume = 703,
    pages = {2275-2284},
      doi = {10.1088/0004-637X/703/2/2275},
   adsurl = {http://adsabs.harvard.edu/abs/2009ApJ...703.2275P},
  adsnote = {Provided by the SAO/NASA Astrophysics Data System}
}


@ARTICLE{Bruch2009,
   author = {{Bruch}, T. and {Read}, J. and {Baudis}, L. and {Lake}, G.},
    title = "{Detecting the Milky Way's Dark Disk}",
  journal = {Ap J},
archivePrefix = "arXiv",
   eprint = {0804.2896},
 keywords = {dark matter, Galaxy: formation},
     year = 2009,
    month = may,
   volume = 696,
    pages = {920-923},
      doi = {10.1088/0004-637X/696/1/920},
   adsurl = {http://adsabs.harvard.edu/abs/2009ApJ...696..920B},
  adsnote = {Provided by the SAO/NASA Astrophysics Data System}
}

@ARTICLE{Gould1990,
   author = {{Gould}, A. and {Raffelt}, G.},
    title = "{Cosmion energy transfer in stars - The Knudsen limit}",
  journal = {Ap J},
 keywords = {Brownian Movements, Dark Matter, Elementary Particles, Energy Transfer, Radiative Transfer, Stellar Interiors, Boltzmann Transport Equation, Knudsen Flow, Monte Carlo Method, Temperature Profiles},
     year = 1990,
    month = apr,
   volume = 352,
    pages = {669-680},
      doi = {10.1086/168569},
   adsurl = {http://adsabs.harvard.edu/abs/1990ApJ...352..669G},
  adsnote = {Provided by the SAO/NASA Astrophysics Data System}
}

@ARTICLE{Taoso2010,
   author = {{Taoso}, M. and {Iocco}, F. and {Meynet}, G. and {Bertone}, G. and 
	{Eggenberger}, P.},
    title = "{Effect of low mass dark matter particles on the Sun}",
  journal = {Phys Rev D},
archivePrefix = "arXiv",
   eprint = {1005.5711},
 keywords = {Dark matter, Solar neutrinos, Helioseismology pulsations and shock waves},
     year = 2010,
    month = oct,
   volume = 82,
   number = 8,
      eid = {083509},
    pages = {083509},
      doi = {10.1103/PhysRevD.82.083509},
   adsurl = {http://adsabs.harvard.edu/abs/2010PhRvD..82h3509T},
  adsnote = {Provided by the SAO/NASA Astrophysics Data System}
}


@ARTICLE{Renzini1987,
   author = {{Renzini}, A.},
    title = "{Effects of cosmions in the sun and in globular cluster stars}",
  journal = {Astronomy and Astrophysics},
 keywords = {Globular Clusters, Horizontal Branch Stars, Particle Mass, Solar Neutrinos, Stellar Physics, Weak Interactions (Field Theory), Asymptotic Giant Branch Stars, Dark Matter, Giant Stars, Stellar Cores, Stellar Models},
     year = 1987,
    month = jan,
   volume = 171,
    pages = {121},
   adsurl = {http://adsabs.harvard.edu/abs/1987A%26A...171..121R},
  adsnote = {Provided by the SAO/NASA Astrophysics Data System}
}

@ARTICLE{Leung2013,
   author = {{Leung}, S.-C. and {Chu}, M.-C. and {Lin}, L.-M. and {Wong}, K.-W.
	},
    title = "{Dark-matter admixed white dwarfs}",
  journal = {Phys Rev D},
archivePrefix = "arXiv",
   eprint = {1305.6142},
 primaryClass = "astro-ph.CO",
 keywords = {Dark matter, Faint blue stars white dwarfs degenerate stars nuclei of planetary nebulae},
     year = 2013,
    month = jun,
   volume = 87,
   number = 12,
      eid = {123506},
    pages = {123506},
      doi = {10.1103/PhysRevD.87.123506},
   adsurl = {http://adsabs.harvard.edu/abs/2013PhRvD..87l3506L},
  adsnote = {Provided by the SAO/NASA Astrophysics Data System}
}

@ARTICLE{Casanellas2013B,
   author = {{Casanellas}, J. and {Lopes}, I.},
    title = "{Constraints on asymmetric dark matter from asteroseismology}",
  journal = {ArXiv e-prints},
archivePrefix = "arXiv",
   eprint = {1307.6519},
 primaryClass = "astro-ph.SR",
 keywords = {Astrophysics - Solar and Stellar Astrophysics, High Energy Physics - Phenomenology},
     year = 2013,
    month = jul,
   adsurl = {http://adsabs.harvard.edu/abs/2013arXiv1307.6519C},
  adsnote = {Provided by the SAO/NASA Astrophysics Data System}
}

@ARTICLE{Casanellas2013A,
   author = {{Casanellas}, J. and {Lopes}, I.},
    title = "{First Asteroseismic Limits on the Nature of Dark Matter}",
  journal = {ApJL},
archivePrefix = "arXiv",
   eprint = {1212.2985},
 primaryClass = "astro-ph.SR",
 keywords = {asteroseismology, dark matter, stars: individual: {$\alpha$} Cen B KIC 8006161 HD 52265},
     year = 2013,
    month = mar,
   volume = 765,
      eid = {L21},
    pages = {L21},
      doi = {10.1088/2041-8205/765/1/L21},
   adsurl = {http://adsabs.harvard.edu/abs/2013ApJ...765L..21C},
  adsnote = {Provided by the SAO/NASA Astrophysics Data System}
}


@ARTICLE{Brandao2015,
   author = {{Brand{\~a}o}, I.~M. and {Casanellas}, J.},
    title = "{Constraints to dark-matter properties from asteroseismic analysis of KIC 2009504}",
  journal = {ArXiv e-prints},
archivePrefix = "arXiv",
   eprint = {1505.07319},
 primaryClass = "astro-ph.SR",
 keywords = {Astrophysics - Solar and Stellar Astrophysics},
     year = 2015,
    month = may,
   adsurl = {http://adsabs.harvard.edu/abs/2015arXiv150507319B},
  adsnote = {Provided by the SAO/NASA Astrophysics Data System}
}

@ARTICLE{MESA3,
   author = {{Paxton}, B. and {Marchant}, P. and {Schwab}, J. and {Bauer}, E.~B. and 
	{Bildsten}, L. and {Cantiello}, M. and {Dessart}, L. and {\it et al.}},
    title = "{Modules for Experiments in Stellar Astrophysics (MESA): Binaries, Pulsations, and Explosions}",
  journal = {ApJS},
archivePrefix = "arXiv",
   eprint = {1506.03146},
 primaryClass = "astro-ph.SR",
 keywords = {binaries: general, methods: numerical, nuclear reactions, nucleosynthesis, abundances, shock waves, stars: evolution, stars: oscillations},
     year = 2015,
    month = sep,
   volume = 220,
      eid = {15},
    pages = {15},
      doi = {10.1088/0067-0049/220/1/15},
   adsurl = {http://adsabs.harvard.edu/abs/2015ApJS..220...15P},
  adsnote = {Provided by the SAO/NASA Astrophysics Data System}
}


@ARTICLE{Roszkowski2016,
   author = {{Roszkowski}, L. and {Sessolo}, E.~M. and {Trojanowski}, S. and 
	{Williams}, A.~J.},
    title = "{Reconstructing WIMP properties through an interplay of signal measurements in direct detection, Fermi-LAT, and CTA searches for dark matter}",
  journal = {ArXiv e-prints},
archivePrefix = "arXiv",
   eprint = {1603.06519},
 keywords = {Astrophysics - Cosmology and Nongalactic Astrophysics, High Energy Physics - Phenomenology},
     year = 2016,
    month = mar,
   adsurl = {http://adsabs.harvard.edu/abs/2016arXiv160306519R},
  adsnote = {Provided by the SAO/NASA Astrophysics Data System}
}

@ARTICLE{Iocco2012,
   author = {{Iocco}, F. and {Taoso}, M. and {Leclercq}, F. and {Meynet}, G.
	},
    title = "{Main Sequence Stars with Asymmetric Dark Matter}",
  journal = {Physical Review Letters},
archivePrefix = "arXiv",
   eprint = {1201.5387},
 primaryClass = "astro-ph.SR",
 keywords = {Dark matter, Stellar structure interiors evolution nucleosynthesis ages},
     year = 2012,
    month = feb,
   volume = 108,
   number = 6,
      eid = {061301},
    pages = {061301},
      doi = {10.1103/PhysRevLett.108.061301},
   adsurl = {http://adsabs.harvard.edu/abs/2012PhRvL.108f1301I},
  adsnote = {Provided by the SAO/NASA Astrophysics Data System}
}


@ARTICLE{Hardy2014,
   author = {{Hardy}, E. and {Lasenby}, R. and {Unwin}, J.},
    title = "{Annihilation signals from asymmetric dark matter}",
  journal = {Journal of High Energy Physics},
archivePrefix = "arXiv",
   eprint = {1402.4500},
 primaryClass = "hep-ph",
 keywords = {Cosmology of Theories beyond the SM, Beyond Standard Model},
     year = 2014,
    month = jul,
   volume = 7,
      eid = {49},
    pages = {49},
      doi = {10.1007/JHEP07(2014)049},
   adsurl = {http://adsabs.harvard.edu/abs/2014JHEP...07..049H},
  adsnote = {Provided by the SAO/NASA Astrophysics Data System}
}

@ARTICLE{SNO2001,
   author = {{Ahmad}, Q.~R. and {Allen}, R.~C. and {Andersen}, T.~C. and 
	{Anglin}, J.~D. and {B{\"u}hler}, G. and {Barton}, J.~C. and 
	{Beier}, E.~W. and {Bercovitch}, M. and {\it{et al.}}},
  journal = {Physical Review Letters},
   eprint = {nucl-ex/0106015},
     year = 2001,
    month = aug,
   volume = 87,
   number = 7,
      eid = {071301},
    pages = {071301},
      doi = {10.1103/PhysRevLett.87.071301},
   adsurl = {http://adsabs.harvard.edu/abs/2001PhRvL..87g1301A},
  adsnote = {Provided by the SAO/NASA Astrophysics Data System}
}

@ARTICLE{Zurek2014,
   author = {{Zurek}, K.~M.},
    title = "{Asymmetric Dark Matter: Theories, signatures, and constraints}",
  journal = {Physics Reports},
archivePrefix = "arXiv",
   eprint = {1308.0338},
 primaryClass = "hep-ph",
     year = 2014,
    month = apr,
   volume = 537,
    pages = {91-121},
      doi = {10.1016/j.physrep.2013.12.001},
   adsurl = {http://adsabs.harvard.edu/abs/2014PhR...537...91Z},
  adsnote = {Provided by the SAO/NASA Astrophysics Data System}
}


@ARTICLE{miniboone,
   author = {{Aguilar-Arevalo}, A.~A. and {Batell}, B. and {Cooper}, R. and 
	{deNiverville}, P. and {Dharmapalan}, R. and {Djurcic}, Z. and 
	{Ford}, R. and {Garcia}, F.~G. and {\it{et al.}}
	},
    title = "{Low Mass WIMP Searches with a Neutrino Experiment: A Proposal for Further MiniBooNE Running}",
  journal = {ArXiv e-prints:1211.2258},
archivePrefix = "arXiv",
   eprint = {1211.2258},
 primaryClass = "hep-ex",
 keywords = {High Energy Physics - Experiment, Astrophysics - Cosmology and Extragalactic Astrophysics, High Energy Physics - Phenomenology},
     year = 2012,
    month = nov,
   adsurl = {http://adsabs.harvard.edu/abs/2012arXiv1211.2258A},
  adsnote = {Provided by the SAO/NASA Astrophysics Data System}
}

@ARTICLE{ATLAS,
   author = {{ATLAS Collaboration} and {Aad}, G. and {Abat}, E. and {Abdallah}, J. and 
	{Abdelalim}, A.~A. and {Abdesselam}, A. and {Abdinov}, O. and 
	{Abi}, B.~A. and {Abolins}, M. and {Abramowicz}, H. and {\it{et al.}}},
    title = "{The ATLAS Experiment at the CERN Large Hadron Collider}",
  journal = {Journal of Instrumentation},
     year = 2008,
    month = aug,
   volume = 3,
    pages = {S08003},
      doi = {10.1088/1748-0221/3/08/S08003},
   adsurl = {http://adsabs.harvard.edu/abs/2008JInst...3S8003A},
  adsnote = {Provided by the SAO/NASA Astrophysics Data System}
}

@ARTICLE{Riess1998,
   author = {{Riess}, A.~G. and {Filippenko}, A.~V. and {Challis}, P. and 
	{Clocchiatti}, A. and {Diercks}, A. and {Garnavich}, P.~M. and 
	{Gilliland}, R.~L. and {Hogan}, C.~J. and {\it{et al.}}},
    title = "{Observational Evidence from Supernovae for an Accelerating Universe and a Cosmological Constant}",
  journal = {AJ},
   eprint = {astro-ph/9805201},
 keywords = {COSMOLOGY: OBSERVATIONS, STARS: SUPERNOVAE: GENERAL},
     year = 1998,
    month = sep,
   volume = 116,
    pages = {1009-1038},
      doi = {10.1086/300499},
   adsurl = {http://adsabs.harvard.edu/abs/1998AJ....116.1009R},
  adsnote = {Provided by the SAO/NASA Astrophysics Data System}
}

@INPROCEEDINGS{Perlmutter1997,
   author = {{Perlmutter}, S. and {Aldering}, G. and {Deustua}, S. and {Fabbro}, S. and 
	{Goldhaber}, G. and {Groom}, D.~E. and {Kim}, A.~G. and {Kim}, M.~Y. and 
	{Supernova Cosmology Project} and {\it{et al.}}},
    title = "{Cosmology From Type IA Supernovae: Measurements, Calibration Techniques, and Implications}",
booktitle = {American Astronomical Society Meeting Abstracts},
     year = 1997,
   series = {Bulletin of the American Astronomical Society},
   volume = 29,
   eprint = {astro-ph/9812473},
    month = dec,
      eid = {85.04},
    pages = {1351},
   adsurl = {http://adsabs.harvard.edu/abs/1997AAS...191.8504P},
  adsnote = {Provided by the SAO/NASA Astrophysics Data System}
}


@ARTICLE{Riess1995,
   author = {{Riess}, A.~G. and {Press}, W.~H. and {Kirshner}, R.~P.},
    title = "{Using Type IA supernova light curve shapes to measure the Hubble constant}",
  journal = {ApJL},
   eprint = {astro-ph/9410054},
 keywords = {Astronomical Models, Cosmology, Distance, Hubble Constant, Light Curve, Mathematical Models, Stellar Luminosity, Supernovae, Algorithms, Error Analysis, Statistical Analysis, Statistical Tests, Visible Spectrum},
     year = 1995,
    month = jan,
   volume = 438,
    pages = {L17-L20},
      doi = {10.1086/187704},
   adsurl = {http://adsabs.harvard.edu/abs/1995ApJ...438L..17R},
  adsnote = {Provided by the SAO/NASA Astrophysics Data System}
}


@ARTICLE{Phillips1993,
   author = {{Phillips}, M.~M.},
    title = "{The absolute magnitudes of Type IA supernovae}",
  journal = {ApJL},
 keywords = {Light Curve, Stellar Magnitude, Supernovae, White Dwarf Stars, Astronomical Photometry, Brightness Distribution, Stellar Luminosity},
     year = 1993,
    month = aug,
   volume = 413,
    pages = {L105-L108},
      doi = {10.1086/186970},
   adsurl = {http://adsabs.harvard.edu/abs/1993ApJ...413L.105P},
  adsnote = {Provided by the SAO/NASA Astrophysics Data System}
}


@ARTICLE{Chandra1935a,
   author = {{Chandrasekhar}, S.},
    title = "{Stellar configurations with degenerate cores}",
  journal = {MNRAS},
     year = 1935,
    month = jan,
   volume = 95,
    pages = {226-260},
      doi = {10.1093/mnras/95.3.226},
   adsurl = {http://adsabs.harvard.edu/abs/1935MNRAS..95..226C},
  adsnote = {Provided by the SAO/NASA Astrophysics Data System}
}

@ARTICLE{Chandra1931,
   author = {{Chandrasekhar}, S.},
    title = "{The highly collapsed configurations of a stellar mass}",
  journal = {MNRAS},
     year = 1931,
    month = mar,
   volume = 91,
    pages = {456-466},
      doi = {10.1093/mnras/91.5.456},
   adsurl = {http://adsabs.harvard.edu/abs/1931MNRAS..91..456C},
  adsnote = {Provided by the SAO/NASA Astrophysics Data System}
}

@ARTICLE{Chandra1935b,
   author = {{Chandrasekhar}, S.},
    title = "{The highly collapsed configurations of a stellar mass (Second paper)}",
  journal = {MNRAS},
     year = 1935,
    month = jan,
   volume = 95,
    pages = {207-225},
      doi = {10.1093/mnras/95.3.207},
   adsurl = {http://adsabs.harvard.edu/abs/1935MNRAS..95..207C},
  adsnote = {Provided by the SAO/NASA Astrophysics Data System}
}

@ARTICLE{Chandra1931,
   author = {{Chandrasekhar}, S.},
    title = "{The Maximum Mass of Ideal White Dwarfs}",
  journal = {ApJ},
     year = 1931,
    month = jul,
   volume = 74,
    pages = {81},
      doi = {10.1086/143324},
   adsurl = {http://adsabs.harvard.edu/abs/1931ApJ....74...81C},
  adsnote = {Provided by the SAO/NASA Astrophysics Data System}
}

@ARTICLE{Foot2016,
   author = {{Foot}, R. and {Vagnozzi}, S.},
    title = "{Solving the small-scale structure puzzles with dissipative dark matter}",
  journal = {ArXiv e-prints:1602.02467},
archivePrefix = "arXiv",
   eprint = {1602.02467},
 keywords = {Astrophysics - Cosmology and Nongalactic Astrophysics, High Energy Physics - Phenomenology},
     year = 2016,
    month = feb,
   adsurl = {http://adsabs.harvard.edu/abs/2016arXiv160202467F},
  adsnote = {Provided by the SAO/NASA Astrophysics Data System}
}

@ARTICLE{Fermi2015,
   author = {{Ackermann}, M. and {Albert}, A. and {Anderson}, B. and {Atwood}, W.~B. and 
	{Baldini}, L. and {Barbiellini}, G. and {Bastieri}, D. and {Bechtol}, K. and 
	{Fermi-LAT Collaboration} and {\it{et al.}}},
    title = "{Searching for Dark Matter Annihilation from Milky Way Dwarf Spheroidal Galaxies with Six Years of Fermi Large Area Telescope Data}",
  journal = {Physical Review Letters},
archivePrefix = "arXiv",
   eprint = {1503.02641},
 primaryClass = "astro-ph.HE",
 keywords = {Dark matter, gamma-ray, Dwarf galaxies, gamma-ray sources, gamma-ray bursts},
     year = 2015,
    month = dec,
   volume = 115,
   number = 23,
      eid = {231301},
    pages = {231301},
      doi = {10.1103/PhysRevLett.115.231301},
   adsurl = {http://adsabs.harvard.edu/abs/2015PhRvL.115w1301A},
  adsnote = {Provided by the SAO/NASA Astrophysics Data System}
}

@ARTICLE{DDreview16,
   author = {{Marrod{\'a}n Undagoitia}, T. and {Rauch}, L.},
    title = "{Dark matter direct-detection experiments}",
  journal = {Journal of Physics G Nuclear Physics},
archivePrefix = "arXiv",
   eprint = {1509.08767},
 primaryClass = "physics.ins-det",
     year = 2016,
    month = jan,
   volume = 43,
   number = 1,
      eid = {013001},
    pages = {013001},
      doi = {10.1088/0954-3899/43/1/013001},
   adsurl = {http://adsabs.harvard.edu/abs/2016JPhG...43a3001M},
  adsnote = {Provided by the SAO/NASA Astrophysics Data System}
}

@ARTICLE{Davis2015,
   author = {{Davis}, J.~H.},
    title = "{The past and future of light dark matter direct detection}",
  journal = {International Journal of Modern Physics A},
archivePrefix = "arXiv",
   eprint = {1506.03924},
 primaryClass = "hep-ph",
 keywords = {Dark matter, direct detection, solar neutrinos, Dark matter, Neutrino muon pion and other elementary particles, cosmic rays},
     year = 2015,
    month = may,
   volume = 30,
      eid = {1530038},
    pages = {1530038},
      doi = {10.1142/S0217751X15300380},
   adsurl = {http://adsabs.harvard.edu/abs/2015IJMPA..3030038D},
  adsnote = {Provided by the SAO/NASA Astrophysics Data System}
}


@ARTICLE{Aprile2012,
   author = {{Aprile}, E. and {XENON1T collaboration}},
    title = "{The XENON1T Dark Matter Search Experiment}",
  journal = {ArXiv e-prints:1206.6288},
archivePrefix = "arXiv",
   eprint = {1206.6288},
 primaryClass = "astro-ph.IM",
 keywords = {Astrophysics - Instrumentation and Methods for Astrophysics, High Energy Physics - Experiment, Physics - Instrumentation and Detectors},
     year = 2012,
    month = jun,
   adsurl = {http://adsabs.harvard.edu/abs/2012arXiv1206.6288A},
  adsnote = {Provided by the SAO/NASA Astrophysics Data System}
}

@ARTICLE{Drees2012,
   author = {{Drees}, M. and {Gerbier}, G.},
    title = "{Mini--Review of Dark Matter: 2012}",
  journal = {ArXiv e-prints:1204.2373},
archivePrefix = "arXiv",
   eprint = {1204.2373},
 primaryClass = "hep-ph",
 keywords = {High Energy Physics - Phenomenology},
     year = 2012,
    month = apr,
   adsurl = {http://adsabs.harvard.edu/abs/2012arXiv1204.2373D},
  adsnote = {Provided by the SAO/NASA Astrophysics Data System}
}


@ARTICLE{Adhikari2016,
   author = {{Adhikari}, R. and {Agostini}, M. and {Ky}, N.~A. and {Araki}, T. and 
	{Archidiacono}, M. and {Bahr}, M. and {Behrens}, J. and {Bezrukov}, F. and {\it{et al.}}},
    title = "{A White Paper on keV Sterile Neutrino Dark Matter}",
  journal = {ArXiv e-prints},
archivePrefix = "arXiv",
   eprint = {1602.04816},
 primaryClass = "hep-ph",
 keywords = {High Energy Physics - Phenomenology, Astrophysics - Cosmology and Nongalactic Astrophysics, Astrophysics - Astrophysics of Galaxies, High Energy Physics - Experiment},
     year = 2016,
    month = feb,
   adsurl = {http://adsabs.harvard.edu/abs/2016arXiv160204816A},
  adsnote = {Provided by the SAO/NASA Astrophysics Data System}
}

@ARTICLE{Yang2015,
   author = {{Yang}, Q.},
    title = "{Axions and Dark Matter}",
  journal = {ArXiv e-prints:1509.00673},
archivePrefix = "arXiv",
   eprint = {1509.00673},
 primaryClass = "hep-ph",
 keywords = {High Energy Physics - Phenomenology, Astrophysics - Cosmology and Nongalactic Astrophysics},
     year = 2015,
    month = sep,
   adsurl = {http://adsabs.harvard.edu/abs/2015arXiv150900673Y},
  adsnote = {Provided by the SAO/NASA Astrophysics Data System}
}

@ARTICLE{Clesse2016,
   author = {{Clesse}, S. and {Garc{\'{\i}}a-Bellido}, J.},
    title = "{The clustering of massive Primordial Black Holes as Dark Matter: measuring their mass distribution with Advanced LIGO}",
  journal = {ArXiv e-prints:1603.05234},
archivePrefix = "arXiv",
   eprint = {1603.05234},
 keywords = {Astrophysics - Cosmology and Nongalactic Astrophysics, Astrophysics - Astrophysics of Galaxies, High Energy Physics - Theory},
     year = 2016,
    month = mar,
   adsurl = {http://adsabs.harvard.edu/abs/2016arXiv160305234C},
  adsnote = {Provided by the SAO/NASA Astrophysics Data System}
}

@ARTICLE{Clesse2015,
   author = {{Clesse}, S. and {Garc{\'{\i}}a-Bellido}, J.},
    title = "{Massive primordial black holes from hybrid inflation as dark matter and the seeds of galaxies}",
  journal = {Phys Rev D},
archivePrefix = "arXiv",
   eprint = {1501.07565},
 keywords = {Particle-theory and field-theory models of the early Universe},
     year = 2015,
    month = jul,
   volume = 92,
   number = 2,
      eid = {023524},
    pages = {023524},
      doi = {10.1103/PhysRevD.92.023524},
   adsurl = {http://adsabs.harvard.edu/abs/2015PhRvD..92b3524C},
  adsnote = {Provided by the SAO/NASA Astrophysics Data System}
}


@ARTICLE{Pani2014,
   author = {{Pani}, P. and {Loeb}, A.},
    title = "{Tidal capture of a primordial black hole by a neutron star: implications for constraints on dark matter}",
  journal = {JCAP},
archivePrefix = "arXiv",
   eprint = {1401.3025},
     year = 2014,
    month = jun,
   volume = 6,
      eid = {026},
    pages = {026},
      doi = {10.1088/1475-7516/2014/06/026},
   adsurl = {http://adsabs.harvard.edu/abs/2014JCAP...06..026P},
  adsnote = {Provided by the SAO/NASA Astrophysics Data System}
}

@ARTICLE{Griest2013,
   author = {{Griest}, K. and {Cieplak}, A.~M. and {Lehner}, M.~J.},
    title = "{New Limits on Primordial Black Hole Dark Matter from an Analysis of Kepler Source Microlensing Data}",
  journal = {Physical Review Letters},
 keywords = {Dark matter, Photography and photometry, Black holes, Galactic center bar circumnuclear matter and bulge},
     year = 2013,
    month = nov,
   volume = 111,
   number = 18,
      eid = {181302},
    pages = {181302},
      doi = {10.1103/PhysRevLett.111.181302},
   adsurl = {http://adsabs.harvard.edu/abs/2013PhRvL.111r1302G},
  adsnote = {Provided by the SAO/NASA Astrophysics Data System}
}


@ARTICLE{Bahcall1994,
   author = {{Bahcall}, J.~N. and {Flynn}, C. and {Gould}, A. and {Kirhakos}, S.
	},
    title = "{M dwarfs, microlensing, and the mass budget of the Galaxy}",
  journal = {ApJL},
   eprint = {astro-ph/9406019},
 keywords = {Gravitational Lenses, Main Sequence Stars, Mass Distribution, Milky Way Galaxy, Red Dwarf Stars, Dark Matter, Hubble Space Telescope, Hydrogen, Stellar Luminosity},
     year = 1994,
    month = nov,
   volume = 435,
    pages = {L51-L54},
      doi = {10.1086/187592},
   adsurl = {http://adsabs.harvard.edu/abs/1994ApJ...435L..51B},
  adsnote = {Provided by the SAO/NASA Astrophysics Data System}
}


@ARTICLE{Tisserand2007,
   author = {{Tisserand}, P. and {Le Guillou}, L. and {Afonso}, C. and {Albert}, J.~N. and 
	{Andersen}, J. and {Ansari}, R. and {Aubourg}, {\'E}. and {Bareyre}, P. and 
	{EROS-2 Collaboration} {\it{et al.}}},
    title = "{Limits on the Macho content of the Galactic Halo from the EROS-2 Survey of the Magellanic Clouds}",
  journal = {AAP},
   eprint = {astro-ph/0607207},
 keywords = {Galaxy: halo, cosmology: dark matter, gravitational lensing},
     year = 2007,
    month = jul,
   volume = 469,
    pages = {387-404},
      doi = {10.1051/0004-6361:20066017},
   adsurl = {http://adsabs.harvard.edu/abs/2007A%26A...469..387T},
  adsnote = {Provided by the SAO/NASA Astrophysics Data System}
}


@ARTICLE{Alcock2000,
   author = {{Alcock}, C. and {Allsman}, R.~A. and {Alves}, D.~R. and {Axelrod}, T.~S. and 
	{Becker}, A.~C. and {Bennett}, D.~P. and {Cook}, K.~H. and {Dalal}, N. and 
	{\it{et al.}}},
    title = "{The MACHO Project: Microlensing Results from 5.7 Years of Large Magellanic Cloud Observations}",
  journal = {ApJ},
   eprint = {astro-ph/0001272},
 keywords = {Cosmology: Dark Matter, Galaxy: Halo, Galaxy: Structure, Cosmology: Gravitational Lensing, Stars: Low-Mass, Brown Dwarfs, Stars: White Dwarfs},
     year = 2000,
    month = oct,
   volume = 542,
    pages = {281-307},
      doi = {10.1086/309512},
   adsurl = {http://adsabs.harvard.edu/abs/2000ApJ...542..281A},
  adsnote = {Provided by the SAO/NASA Astrophysics Data System}
}


@INPROCEEDINGS{Alcock1993,
   author = {{Alcock}, C. and {Allsman}, R.~A. and {Axelrod}, T.~S. and {Bennett}, D.~P. and 
	{Cook}, K.~H. and {Park}, H.~S. and {Marshall}, S.~L. and {Stubbs}, C.~W. and {\it{et al.}}},
    title = "{The MACHO Project - a Search for the Dark Matter in the Milky-Way}",
booktitle = {Sky Surveys. Protostars to Protogalaxies},
     year = 1993,
   series = {Astronomical Society of the Pacific Conference Series},
   volume = 43,
   editor = {{Soifer}, B.~T.},
    month = jan,
    pages = {291},
   adsurl = {http://adsabs.harvard.edu/abs/1993ASPC...43..291A},
  adsnote = {Provided by the SAO/NASA Astrophysics Data System}
}

@ARTICLE{Sanders2002,
   author = {{Sanders}, R.~H. and {McGaugh}, S.~S.},
    title = "{Modified Newtonian Dynamics as an Alternative to Dark Matter}",
  journal = {ARAA},
   eprint = {astro-ph/0204521},
 keywords = {dark matter, galaxy dynamics, gravitational theory, cosmology},
     year = 2002,
   volume = 40,
    pages = {263-317},
      doi = {10.1146/annurev.astro.40.060401.093923},
   adsurl = {http://adsabs.harvard.edu/abs/2002ARA%26A..40..263S},
  adsnote = {Provided by the SAO/NASA Astrophysics Data System}
}
@ARTICLE{Sanders1999,
   author = {{Sanders}, R.~H.},
    title = "{The Virial Discrepancy in Clusters of Galaxies in the Context of Modified Newtonian Dynamics}",
  journal = {ApJL},
   eprint = {astro-ph/9807023},
 keywords = {COSMOLOGY: DARK MATTER, GALAXIES: CLUSTERS: GENERAL, X-RAYS: GALAXIES, Cosmology: Dark Matter, Galaxies: Clusters: General, X-Rays: Galaxies},
     year = 1999,
    month = feb,
   volume = 512,
    pages = {L23-L26},
      doi = {10.1086/311865},
   adsurl = {http://adsabs.harvard.edu/abs/1999ApJ...512L..23S},
  adsnote = {Provided by the SAO/NASA Astrophysics Data System}
}

@ARTICLE{Arun2013,
   author = {{Arun}, K.~G. and {Pai}, A.},
    title = "{Tests of General Relativity and Alternative Theories of Gravity Using Gravitational Wave Observations}",
  journal = {International Journal of Modern Physics D},
archivePrefix = "arXiv",
   eprint = {1302.2198},
 primaryClass = "gr-qc",
 keywords = {Gravitational waves, compact binaries, post-Newtonian theory, test of general relativity, space-based gravitational wave interferometers, Post-Newtonian approximation, perturbation theory, related approximations, Gravitational radiation detectors, mass spectrometers, and other instrumentation and techniques, Wave generation and sources, Black holes, Gravitational waves: theory, Experimental tests of gravitational theories, Gravitational wave detectors and experiments},
     year = 2013,
    month = jan,
   volume = 22,
      eid = {1341012},
    pages = {1341012},
      doi = {10.1142/S0218271813410125},
   adsurl = {http://adsabs.harvard.edu/abs/2013IJMPD..2241012A},
  adsnote = {Provided by the SAO/NASA Astrophysics Data System}
}


@ARTICLE{Will2014,
   author = {{Will}, C.~M.},
    title = "{The Confrontation between General Relativity and Experiment}",
  journal = {Living Reviews in Relativity},
archivePrefix = "arXiv",
   eprint = {1403.7377},
 primaryClass = "gr-qc",
 keywords = {Gravitational radiation, Theories of gravity, Post-Newtonian limit, Tests of relativistic gravity   },
     year = 2014,
    month = jun,
   volume = 17,
      doi = {10.12942/lrr-2014-4},
   adsurl = {http://adsabs.harvard.edu/abs/2014LRR....17....4W},
  adsnote = {Provided by the SAO/NASA Astrophysics Data System}
}


@ARTICLE{LIGO2016,
   author = {{The LIGO Scientific Collaboration} and {the Virgo Collaboration} and 
	{Abbott}, B.~P. and {Abbott}, R. and {Abbott}, T.~D. and {Abernathy}, M.~R. and 
	{Acernese}, F. and {Ackley}, K. and {Adams}, C. and {Adams}, T. and {\it{et al.}}},
    title = "{GW150914: First results from the search for binary black hole coalescence with Advanced LIGO}",
  journal = {ArXiv e-prints:1602.03839},
archivePrefix = "arXiv",
   eprint = {1602.03839},
 primaryClass = "gr-qc",
 keywords = {General Relativity and Quantum Cosmology, Astrophysics - High Energy Astrophysical Phenomena, Astrophysics - Instrumentation and Methods for Astrophysics},
     year = 2016,
    month = feb,
   adsurl = {http://adsabs.harvard.edu/abs/2016arXiv160203839T},
  adsnote = {Provided by the SAO/NASA Astrophysics Data System}
}


@ARTICLE{Ishak2008,
   author = {{Ishak}, M. and {Richardson}, J. and {Garred}, D. and {Whittington}, D. and 
	{Nwankwo}, A. and {Sussman}, R.},
    title = "{Dark energy or apparent acceleration due to a relativistic cosmological model more complex than the Friedmann-Lemaitre-Robertson-Walker model?}",
  journal = {Phys Rev D},
archivePrefix = "arXiv",
   eprint = {0708.2943},
 keywords = {Observational cosmology, Dark energy, Cosmology},
     year = 2008,
    month = dec,
   volume = 78,
   number = 12,
      eid = {123531},
    pages = {123531},
      doi = {10.1103/PhysRevD.78.123531},
   adsurl = {http://adsabs.harvard.edu/abs/2008PhRvD..78l3531I},
  adsnote = {Provided by the SAO/NASA Astrophysics Data System}
}

@ARTICLE{Moffat2006B,
   author = {{Moffat}, J.~W.},
    title = "{Inhomogeneous Cosmology, Inflation and Late-Time Accelerating Universe}",
  journal = {ArXiv Astrophysics e-prints:0606124},
   eprint = {astro-ph/0606124},
 keywords = {Astrophysics},
     year = 2006,
    month = jun,
   adsurl = {http://adsabs.harvard.edu/abs/2006astro.ph..6124M},
  adsnote = {Provided by the SAO/NASA Astrophysics Data System}
}


@ARTICLE{Moffat2006A,
   author = {{Moffat}, J.~W.},
    title = "{Late-time inhomogeneity and acceleration without dark energy}",
  journal = {JCAP},
   eprint = {astro-ph/0505326},
     year = 2006,
    month = may,
   volume = 5,
      eid = {001},
    pages = {001},
      doi = {10.1088/1475-7516/2006/05/001},
   adsurl = {http://adsabs.harvard.edu/abs/2006JCAP...05..001M},
  adsnote = {Provided by the SAO/NASA Astrophysics Data System}
}


@ARTICLE{Moffat2005,
   author = {{Moffat}, J.~W.},
    title = "{Cosmic microwave background, accelerating universe and inhomogeneous cosmology}",
  journal = {JCAP},
   eprint = {astro-ph/0502110},
     year = 2005,
    month = oct,
   volume = 10,
      eid = {012},
    pages = {012},
      doi = {10.1088/1475-7516/2005/10/012},
   adsurl = {http://adsabs.harvard.edu/abs/2005JCAP...10..012M},
  adsnote = {Provided by the SAO/NASA Astrophysics Data System}
}


@INPROCEEDINGS{Bolejko2008,
   author = {{Bolejko}, K.},
    title = "{Light propagation through large-scale inhomogeneities in the Universe and its impact on cosmological observations}",
booktitle = {EAS Publications Series},
     year = 2008,
   series = {EAS Publications Series},
   volume = 30,
archivePrefix = "arXiv",
   eprint = {0804.1826},
   editor = {{Oscoz}, A. and {Mediavilla}, E. and {Serra-Ricart}, M.},
    pages = {349-352},
      doi = {10.1051/eas:0830059},
   adsurl = {http://adsabs.harvard.edu/abs/2008EAS....30..349B},
  adsnote = {Provided by the SAO/NASA Astrophysics Data System}
}

@ARTICLE{Nwankwo2011,
   author = {{Nwankwo}, A. and {Ishak}, M. and {Thompson}, J.},
    title = "{Luminosity distance and redshift in the Szekeres inhomogeneous cosmological models}",
  journal = {JCAP},
archivePrefix = "arXiv",
   eprint = {1005.2989},
     year = 2011,
    month = may,
   volume = 5,
      eid = {028},
    pages = {028},
      doi = {10.1088/1475-7516/2011/05/028},
   adsurl = {http://adsabs.harvard.edu/abs/2011JCAP...05..028N},
  adsnote = {Provided by the SAO/NASA Astrophysics Data System}
}


@ARTICLE{Ishak2012,
   author = {{Ishak}, M. and {Peel}, A.},
    title = "{Growth of structure in the Szekeres class-II inhomogeneous cosmological models and the matter-dominated era}",
  journal = {Phys Rev D},
archivePrefix = "arXiv",
   eprint = {1104.2590},
 primaryClass = "astro-ph.CO",
 keywords = {Mathematical and relativistic aspects of cosmology, Relativity and gravitation, Observational cosmology},
     year = 2012,
    month = apr,
   volume = 85,
   number = 8,
      eid = {083502},
    pages = {083502},
      doi = {10.1103/PhysRevD.85.083502},
   adsurl = {http://adsabs.harvard.edu/abs/2012PhRvD..85h3502I},
  adsnote = {Provided by the SAO/NASA Astrophysics Data System}
}


@ARTICLE{Kowalski2008,
   author = {{Kowalski}, M. and {Rubin}, D. and {Aldering}, G. and {Agostinho}, R.~J. and 
	{Amadon}, A. and {Amanullah}, R. and {Balland}, C. and {Barbary}, K. and 
	{\it{et al.}}
	},
    title = "{Improved Cosmological Constraints from New, Old, and Combined Supernova Data Sets}",
  journal = {ApJ},
archivePrefix = "arXiv",
   eprint = {0804.4142},
 keywords = {cosmological parameters, cosmology: observations, supernovae: general },
     year = 2008,
    month = oct,
   volume = 686,
      eid = {749-778},
    pages = {749-778},
      doi = {10.1086/589937},
   adsurl = {http://adsabs.harvard.edu/abs/2008ApJ...686..749K},
  adsnote = {Provided by the SAO/NASA Astrophysics Data System}
}

@ARTICLE{ACTlens,
   author = {{Das}, S. and {Louis}, T. and {Nolta}, M.~R. and {Addison}, G.~E. and 
	{Battistelli}, E.~S. and {Bond}, J.~R. and {Calabrese}, E. and 
	{Crichton}, D. and {\it{et al.}}},
    title = "{The Atacama Cosmology Telescope: temperature and gravitational lensing power spectrum measurements from three seasons of data}",
  journal = {JCAP},
archivePrefix = "arXiv",
   eprint = {1301.1037},
     year = 2014,
    month = apr,
   volume = 4,
      eid = {014},
    pages = {014},
      doi = {10.1088/1475-7516/2014/04/014},
   adsurl = {http://adsabs.harvard.edu/abs/2014JCAP...04..014D},
  adsnote = {Provided by the SAO/NASA Astrophysics Data System}
}


@ARTICLE{SPTlens,
   author = {{van Engelen}, A. and {Keisler}, R. and {Zahn}, O. and {Aird}, K.~A. and 
	{Benson}, B.~A. and {Bleem}, L.~E. and {Carlstrom}, J.~E. and 
	{Chang}, C.~L. and {\it{et al.}}},
    title = "{A Measurement of Gravitational Lensing of the Microwave Background Using South Pole Telescope Data}",
  journal = {ApJ},
archivePrefix = "arXiv",
   eprint = {1202.0546},
 keywords = {cosmic background radiation, cosmological parameters, cosmology: observations, gravitational lensing: weak, large-scale structure of universe},
     year = 2012,
    month = sep,
   volume = 756,
      eid = {142},
    pages = {142},
      doi = {10.1088/0004-637X/756/2/142},
   adsurl = {http://adsabs.harvard.edu/abs/2012ApJ...756..142V},
  adsnote = {Provided by the SAO/NASA Astrophysics Data System}
}

@ARTICLE{Planck13lens,
   author = {{Planck Collaboration} and {Ade}, P.~A.~R. and {Aghanim}, N. and 
	{Armitage-Caplan}, C. and {Arnaud}, M. and {Ashdown}, M. and 
	{Atrio-Barandela}, F. and {Aumont}, J. and {Baccigalupi}, C. and 
	{Banday}, A.~J. and {\it{et al.}}},
    title = "{Planck 2013 results. XVII. Gravitational lensing by large-scale structure}",
  journal = {AAP},
archivePrefix = "arXiv",
   eprint = {1303.5077},
 keywords = {gravitational lensing: weak, methods: data analysis, cosmic, background radiation, large-scale structure of Universe},
     year = 2014,
    month = nov,
   volume = 571,
      eid = {A17},
    pages = {A17},
      doi = {10.1051/0004-6361/201321543},
   adsurl = {http://adsabs.harvard.edu/abs/2014A%26A...571A..17P},
  adsnote = {Provided by the SAO/NASA Astrophysics Data System}
}

@ARTICLE{York2000,
   author = {{York}, D.~G. and {Adelman}, J. and {Anderson}, Jr., J.~E. and 
	{Anderson}, S.~F. and {Annis}, J. and {Bahcall}, N.~A. and {Bakken}, J.~A. and 
	{Barkhouser}, R. and {SDSS Collaboration} and {\it{et al.}}},
    title = "{The Sloan Digital Sky Survey: Technical Summary}",
  journal = {AJ},
   eprint = {astro-ph/0006396},
 keywords = {Cosmology: Observations, Instrumentation: Miscellaneous},
     year = 2000,
    month = sep,
   volume = 120,
    pages = {1579-1587},
      doi = {10.1086/301513},
   adsurl = {http://adsabs.harvard.edu/abs/2000AJ....120.1579Y},
  adsnote = {Provided by the SAO/NASA Astrophysics Data System}
}

@ARTICLE{Pawlowski2012,
   author = {{Pawlowski}, M.~S. and {Pflamm-Altenburg}, J. and {Kroupa}, P.
	},
    title = "{The VPOS: a vast polar structure of satellite galaxies, globular clusters and streams around the Milky Way}",
  journal = {MNRAS},
archivePrefix = "arXiv",
   eprint = {1204.5176},
 keywords = {globular clusters: general, Galaxy: halo, Galaxy: structure, galaxies: interactions, galaxies: kinematics and dynamics, Local Group},
     year = 2012,
    month = jun,
   volume = 423,
    pages = {1109-1126},
      doi = {10.1111/j.1365-2966.2012.20937.x},
   adsurl = {http://adsabs.harvard.edu/abs/2012MNRAS.423.1109P},
  adsnote = {Provided by the SAO/NASA Astrophysics Data System}
}


@ARTICLE{Klypin1999,
   author = {{Klypin}, A. and {Kravtsov}, A.~V. and {Valenzuela}, O. and 
	{Prada}, F.},
    title = "{Where Are the Missing Galactic Satellites?}",
  journal = {ApJ},
   eprint = {astro-ph/9901240},
 keywords = {COSMOLOGY: THEORY, GALAXIES: CLUSTERS: GENERAL, GALAXIES: INTERACTIONS, GALAXY: FORMATION, GALAXIES: LOCAL GROUP, METHODS: NUMERICAL, Cosmology: Theory, Galaxies: Clusters: General, Galaxies: Interactions, Galaxy: Formation, Galaxies: Local Group, Methods: Numerical},
     year = 1999,
    month = sep,
   volume = 522,
    pages = {82-92},
      doi = {10.1086/307643},
   adsurl = {http://adsabs.harvard.edu/abs/1999ApJ...522...82K},
  adsnote = {Provided by the SAO/NASA Astrophysics Data System}
}

@ARTICLE{Moore1999,
   author = {{Moore}, B. and {Ghigna}, S. and {Governato}, F. and {Lake}, G. and 
	{Quinn}, T. and {Stadel}, J. and {Tozzi}, P.},
    title = "{Dark Matter Substructure within Galactic Halos}",
  journal = {ApJL},
   eprint = {astro-ph/9907411},
 keywords = {COSMOLOGY: OBSERVATIONS, COSMOLOGY: THEORY, COSMOLOGY: DARK MATTER, GALAXIES: CLUSTERS: GENERAL, GALAXIES: FORMATION, Cosmology: Observations, Cosmology: Theory, Cosmology: Dark Matter, Galaxies: Clusters: General, Galaxies: Formation},
     year = 1999,
    month = oct,
   volume = 524,
    pages = {L19-L22},
      doi = {10.1086/312287},
   adsurl = {http://adsabs.harvard.edu/abs/1999ApJ...524L..19M},
  adsnote = {Provided by the SAO/NASA Astrophysics Data System}
}

@ARTICLE{Mateo1998,
   author = {{Mateo}, M.~L.},
    title = "{Dwarf Galaxies of the Local Group}",
  journal = {AARA},
   eprint = {astro-ph/9810070},
     year = 1998,
   volume = 36,
    pages = {435-506},
      doi = {10.1146/annurev.astro.36.1.435},
   adsurl = {http://adsabs.harvard.edu/abs/1998ARA%26A..36..435M},
  adsnote = {Provided by the SAO/NASA Astrophysics Data System}
}


@ARTICLE{Boylan2011,
   author = {{Boylan-Kolchin}, M. and {Bullock}, J.~S. and {Kaplinghat}, M.
	},
    title = "{Too big to fail? The puzzling darkness of massive Milky Way subhaloes}",
  journal = {MNRAS},
archivePrefix = "arXiv",
   eprint = {1103.0007},
 primaryClass = "astro-ph.CO",
 keywords = {Galaxy: halo, galaxies: abundances, cosmology: theory, dark matter},
     year = 2011,
    month = jul,
   volume = 415,
    pages = {L40-L44},
      doi = {10.1111/j.1745-3933.2011.01074.x},
   adsurl = {http://adsabs.harvard.edu/abs/2011MNRAS.415L..40B},
  adsnote = {Provided by the SAO/NASA Astrophysics Data System}
}

@ARTICLE{Springel2005,
   author = {{Springel}, V. and {White}, S.~D.~M. and {Jenkins}, A. and {Frenk}, C.~S. and 
	{Yoshida}, N. and {Gao}, L. and {Navarro}, J. and {Thacker}, R. and 
	{\it{et al.}}},
    title = "{Simulations of the formation, evolution and clustering of galaxies and quasars}",
  journal = {Nature},
   eprint = {astro-ph/0504097},
     year = 2005,
    month = jun,
   volume = 435,
    pages = {629-636},
      doi = {10.1038/nature03597},
   adsurl = {http://adsabs.harvard.edu/abs/2005Natur.435..629S},
  adsnote = {Provided by the SAO/NASA Astrophysics Data System}
}

@ARTICLE{Boylan2009,
   author = {{Boylan-Kolchin}, M. and {Springel}, V. and {White}, S.~D.~M. and 
	{Jenkins}, A. and {Lemson}, G.},
    title = "{Resolving cosmic structure formation with the Millennium-II Simulation}",
  journal = {MNRAS},
archivePrefix = "arXiv",
   eprint = {0903.3041},
 primaryClass = "astro-ph.CO",
 keywords = {methods: N-body simulations , galaxies: haloes , cosmology: theory},
     year = 2009,
    month = sep,
   volume = 398,
    pages = {1150-1164},
      doi = {10.1111/j.1365-2966.2009.15191.x},
   adsurl = {http://adsabs.harvard.edu/abs/2009MNRAS.398.1150B},
  adsnote = {Provided by the SAO/NASA Astrophysics Data System}
}


@ARTICLE{Randall2008,
   author = {{Randall}, S.~W. and {Markevitch}, M. and {Clowe}, D. and {Gonzalez}, A.~H. and 
	{Brada{\v c}}, M.},
    title = "{Constraints on the Self-Interaction Cross Section of Dark Matter from Numerical Simulations of the Merging Galaxy Cluster 1E 0657-56}",
  journal = {ApJ},
archivePrefix = "arXiv",
   eprint = {0704.0261},
 keywords = {dark matter, galaxies: clusters: individual: 1E 0657-56, large-scale structure of universe, methods: numerical},
     year = 2008,
    month = jun,
   volume = 679,
      eid = {1173-1180},
    pages = {1173-1180},
      doi = {10.1086/587859},
   adsurl = {http://adsabs.harvard.edu/abs/2008ApJ...679.1173R},
  adsnote = {Provided by the SAO/NASA Astrophysics Data System}
}

@ARTICLE{deBlok2010,
   author = {{de Blok}, W.~J.~G.},
    title = "{The Core-Cusp Problem}",
  journal = {Advances in Astronomy},
archivePrefix = "arXiv",
   eprint = {0910.3538},
     year = 2010,
   volume = 2010,
      eid = {789293},
    pages = {789293},
      doi = {10.1155/2010/789293},
   adsurl = {http://adsabs.harvard.edu/abs/2010AdAst2010E...5D},
  adsnote = {Provided by the SAO/NASA Astrophysics Data System}
}


@ARTICLE{Planck15lens,
   author = {{Planck Collaboration} and {Ade}, P.~A.~R. and {Aghanim}, N. and 
	{Arnaud}, M. and {Ashdown}, M. and {Aumont}, J. and {Baccigalupi}, C. and 
	{Banday}, A.~J. and {Barreiro}, R.~B. and {Bartlett}, J.~G. and {\it{et al.}}},
    title = "{Planck 2015 results. XV. Gravitational lensing}",
  journal = {ArXiv e-prints:1502.01591},
archivePrefix = "arXiv",
   eprint = {1502.01591},
 keywords = {Astrophysics - Cosmology and Nongalactic Astrophysics},
     year = 2015,
    month = feb,
   adsurl = {http://adsabs.harvard.edu/abs/2015arXiv150201591P},
  adsnote = {Provided by the SAO/NASA Astrophysics Data System}
}


@ARTICLE{CFHTshear,
   author = {{Fu}, L. and {Kilbinger}, M. and {Erben}, T. and {Heymans}, C. and 
	{Hildebrandt}, H. and {Hoekstra}, H. and {Kitching}, T.~D. and 
	{Mellier}, Y. and {\it{et al.}}},
    title = "{CFHTLenS: cosmological constraints from a combination of cosmic shear two-point and three-point correlations}",
  journal = {MNRAS},
archivePrefix = "arXiv",
   eprint = {1404.5469},
 keywords = {methods: statistical, cosmological parameters},
     year = 2014,
    month = jul,
   volume = 441,
    pages = {2725-2743},
      doi = {10.1093/mnras/stu754},
   adsurl = {http://adsabs.harvard.edu/abs/2014MNRAS.441.2725F},
  adsnote = {Provided by the SAO/NASA Astrophysics Data System}
}

@ARTICLE{DESshear,
   author = {{The Dark Energy Survey Collaboration} and {Abbott}, T. and 
	{Abdalla}, F.~B. and {Allam}, S. and {Amara}, A. and {Annis}, J. and 
	{Armstrong}, R. and {Bacon}, D. and {Banerji}, M. and {\it{et al.}}},
    title = "{Cosmology from Cosmic Shear with DES Science Verification Data}",
  journal = {ArXiv e-prints:1507.05552},
archivePrefix = "arXiv",
   eprint = {1507.05552},
 keywords = {Astrophysics - Cosmology and Nongalactic Astrophysics},
     year = 2015,
    month = jul,
   adsurl = {http://adsabs.harvard.edu/abs/2015arXiv150705552T},
  adsnote = {Provided by the SAO/NASA Astrophysics Data System}
}


@ARTICLE{Kneib2011,
   author = {{Kneib}, J.-P. and {Natarajan}, P.},
    title = "{Cluster lenses}",
  journal = {AAPR},
archivePrefix = "arXiv",
   eprint = {1202.0185},
 primaryClass = "astro-ph.CO",
 keywords = {Cosmology: observations, Galaxies: evolution, Galaxies: formation, Gravitational lensing},
     year = 2011,
    month = nov,
   volume = 19,
      eid = {47},
    pages = {47},
      doi = {10.1007/s00159-011-0047-3},
   adsurl = {http://adsabs.harvard.edu/abs/2011A%26ARv..19...47K},
  adsnote = {Provided by the SAO/NASA Astrophysics Data System}
}


@ARTICLE{Harvey2015,
   author = {{Harvey}, D. and {Massey}, R. and {Kitching}, T. and {Taylor}, A. and 
	{Tittley}, E.},
    title = "{The nongravitational interactions of dark matter in colliding galaxy clusters}",
  journal = {Science},
archivePrefix = "arXiv",
   eprint = {1503.07675},
     year = 2015,
    month = mar,
   volume = 347,
    pages = {1462-1465},
      doi = {10.1126/science.1261381},
   adsurl = {http://adsabs.harvard.edu/abs/2015Sci...347.1462H},
  adsnote = {Provided by the SAO/NASA Astrophysics Data System}
}


@ARTICLE{Abell370,
   author = {{Richard}, J. and {Kneib}, J.-P. and {Limousin}, M. and {Edge}, A. and 
	{Jullo}, E.},
    title = "{Abell 370 revisited: refurbished Hubble imaging of the first strong lensing cluster}",
  journal = {MNRAS},
archivePrefix = "arXiv",
   eprint = {0910.5553},
 keywords = {gravitational lensing, galaxies: clusters: general, galaxies: clusters: individual (A370)},
     year = 2010,
    month = feb,
   volume = 402,
    pages = {L44-L48},
      doi = {10.1111/j.1745-3933.2009.00796.x},
   adsurl = {http://adsabs.harvard.edu/abs/2010MNRAS.402L..44R},
  adsnote = {Provided by the SAO/NASA Astrophysics Data System}
}

@ARTICLE{Markevitch1999,
   author = {{Markevitch}, M. and {Vikhlinin}, A. and {Forman}, W.~R. and 
	{Sarazin}, C.~L.},
    title = "{Mass Profiles of the Typical Relaxed Galaxy Clusters A2199 and A496}",
  journal = {ApJ},
   eprint = {astro-ph/9904382},
 keywords = {GALAXIES: COOLING FLOWS, COSMOLOGY: DARK MATTER, GALAXIES: CLUSTERS: INDIVIDUAL (A2199, A496), GALAXIES: INTERGALACTIC MEDIUM, X-RAYS: GALAXIES, Galaxies: Cooling Flows, Cosmology: Dark Matter, galaxies: clusters: individual (A2199, Galaxies: Intergalactic Medium, X-Rays: Galaxies},
     year = 1999,
    month = dec,
   volume = 527,
    pages = {545-553},
      doi = {10.1086/308124},
   adsurl = {http://adsabs.harvard.edu/abs/1999ApJ...527..545M},
  adsnote = {Provided by the SAO/NASA Astrophysics Data System}
}

@ARTICLE{DeBoni2008,
   author = {{De Boni}, C. and {Bertin}, G.},
    title = "{The relative concentration of visible and dark matter in clusters of galaxies}",
  journal = {Nuovo Cimento B Serie},
archivePrefix = "arXiv",
   eprint = {0805.0494},
 keywords = {Astrophysics},
     year = 2008,
   volume = 123,
    pages = {31-41},
      doi = {10.1393/ncb/i2008-10506-x},
   adsurl = {http://adsabs.harvard.edu/abs/2008NCimB.123...31D},
  adsnote = {Provided by the SAO/NASA Astrophysics Data System}
}

@ARTICLE{Lokas2003,
   author = {{{\L}okas}, E.~L. and {Mamon}, G.~A.},
    title = "{Dark matter distribution in the Coma cluster from galaxy kinematics: breaking the mass-anisotropy degeneracy}",
  journal = {MNRAS},
   eprint = {astro-ph/0302461},
 keywords = {methods: analytical, galaxies: clusters: individual: Coma, galaxies: kinematics and dynamics, dark matter},
     year = 2003,
    month = aug,
   volume = 343,
    pages = {401-412},
      doi = {10.1046/j.1365-8711.2003.06684.x},
   adsurl = {http://adsabs.harvard.edu/abs/2003MNRAS.343..401L},
  adsnote = {Provided by the SAO/NASA Astrophysics Data System}
}


@ARTICLE{Sereno2010,
   author = {{Sereno}, M. and {Lubini}, M. and {Jetzer}, P.},
    title = "{A multiwavelength strong lensing analysis of baryons and dark matter in the dynamically active cluster AC 114}",
  journal = {AAP},
archivePrefix = "arXiv",
   eprint = {0904.0018},
 keywords = {galaxies: clusters: general, X-rays: galaxies: clusters, gravitational lensing: strong},
     year = 2010,
    month = jul,
   volume = 518,
      eid = {A55},
    pages = {A55},
      doi = {10.1051/0004-6361/200913843},
   adsurl = {http://adsabs.harvard.edu/abs/2010A%26A...518A..55S},
  adsnote = {Provided by the SAO/NASA Astrophysics Data System}
}

@ARTICLE{Szekeres1975,
   author = {{Szekeres}, P.},
    title = "{A class of inhomogeneous cosmological models}",
  journal = {Communications in Mathematical Physics},
     year = 1975,
    month = feb,
   volume = 41,
    pages = {55-64},
      doi = {10.1007/BF01608547},
   adsurl = {http://adsabs.harvard.edu/abs/1975CMaPh..41...55S},
  adsnote = {Provided by the SAO/NASA Astrophysics Data System}
}

@ARTICLE{Bondi1947,
   author = {{Bondi}, H.},
    title = "{Spherically symmetrical models in general relativity}",
  journal = {MNRAS},
     year = 1947,
   volume = 107,
    pages = {410},
      doi = {10.1093/mnras/107.5-6.410},
   adsurl = {http://adsabs.harvard.edu/abs/1947MNRAS.107..410B},
  adsnote = {Provided by the SAO/NASA Astrophysics Data System}
}

@ARTICLE{Tolman1934,
   author = {{Tolman}, R.~C.},
    title = "{Effect of Inhomogeneity on Cosmological Models}",
  journal = {Proceedings of the National Academy of Science},
     year = 1934,
    month = mar,
   volume = 20,
    pages = {169-176},
      doi = {10.1073/pnas.20.3.169},
   adsurl = {http://adsabs.harvard.edu/abs/1934PNAS...20..169T},
  adsnote = {Provided by the SAO/NASA Astrophysics Data System}
}


@ARTICLE{Lemaitre1933,
   author = {{Lema{\^i}tre}, G.},
    title = "{L'Univers en expansion}",
  journal = {Annales de la Soci{\'e}t{\'e} Scientifique de Bruxelles},
     year = 1933,
   volume = 53,
   adsurl = {http://adsabs.harvard.edu/abs/1933ASSB...53...51L},
  adsnote = {Provided by the SAO/NASA Astrophysics Data System}
}

@ARTICLE{Buchdahl1970,
   author = {{Buchdahl}, H.~A.},
    title = "{Non-linear Lagrangians and cosmological theory}",
  journal = {MNRAS},
     year = 1970,
   volume = 150,
    pages = {1},
      doi = {10.1093/mnras/150.1.1},
   adsurl = {http://adsabs.harvard.edu/abs/1970MNRAS.150....1B},
  adsnote = {Provided by the SAO/NASA Astrophysics Data System}
}

@ARTICLE{Bekenstein2004,
   author = {{Bekenstein}, J.~D.},
    title = "{Relativistic gravitation theory for the modified Newtonian dynamics paradigm}",
  journal = {Phys Rev D},
   eprint = {astro-ph/0403694},
 keywords = {Dark matter, Experimental tests of gravitational theories, Relativity and gravitation, Gravitational lenses and luminous arcs},
     year = 2004,
    month = oct,
   volume = 70,
   number = 8,
      eid = {083509},
    pages = {083509},
      doi = {10.1103/PhysRevD.70.083509},
   adsurl = {http://adsabs.harvard.edu/abs/2004PhRvD..70h3509B},
  adsnote = {Provided by the SAO/NASA Astrophysics Data System}
}


@ARTICLE{Roos2010,
   author = {{Roos}, M.},
    title = "{Dark Matter: The evidence from astronomy, astrophysics and cosmology}",
  journal = {ArXiv e-prints:1001.0316},
archivePrefix = "arXiv",
   eprint = {1001.0316},
 primaryClass = "astro-ph.CO",
 keywords = {Astrophysics - Cosmology and Extragalactic Astrophysics},
     year = 2010,
    month = jan,
   adsurl = {http://adsabs.harvard.edu/abs/2010arXiv1001.0316R},
  adsnote = {Provided by the SAO/NASA Astrophysics Data System}
}

@ARTICLE{Cupani2010,
   author = {{Cupani}, G. and {Mezzetti}, M. and {Mardirossian}, F.},
    title = "{Cluster mass estimation through fair galaxies}",
  journal = {MNRAS},
archivePrefix = "arXiv",
   eprint = {0910.2882},
 keywords = {galaxies: clusters: general, galaxies: kinematics and dynamics, large-scale structure of Universe},
     year = 2010,
    month = apr,
   volume = 403,
    pages = {838-847},
      doi = {10.1111/j.1365-2966.2009.16157.x},
   adsurl = {http://adsabs.harvard.edu/abs/2010MNRAS.403..838C},
  adsnote = {Provided by the SAO/NASA Astrophysics Data System}
}


@ARTICLE{Milgrom1983A,
   author = {{Milgrom}, M.},
    title = "{A modification of the Newtonian dynamics as a possible alternative to the hidden mass hypothesis}",
  journal = {ApJ},
 keywords = {Cosmology, Galactic Structure, Nonrelativistic Mechanics, Stellar Motions, Particle Acceleration, Solar System},
     year = 1983,
    month = jul,
   volume = 270,
    pages = {365-370},
      doi = {10.1086/161130},
   adsurl = {http://adsabs.harvard.edu/abs/1983ApJ...270..365M},
  adsnote = {Provided by the SAO/NASA Astrophysics Data System}
}

@ARTICLE{Milgrom1983B,
   author = {{Milgrom}, M.},
    title = "{A modification of the Newtonian dynamics - Implications for galaxies}",
  journal = {ApJ},
 keywords = {Galactic Structure, Newton Theory, Stellar Motions, Angular Velocity, Disk Galaxies, Elliptical Galaxies, Galactic Rotation, Mass Distribution, Milky Way Galaxy, Oort Cloud},
     year = 1983,
    month = jul,
   volume = 270,
    pages = {371-389},
      doi = {10.1086/161131},
   adsurl = {http://adsabs.harvard.edu/abs/1983ApJ...270..371M},
  adsnote = {Provided by the SAO/NASA Astrophysics Data System}
}

@ARTICLE{Milgrom1983C,
   author = {{Milgrom}, M.},
    title = "{A Modification of the Newtonian Dynamics - Implications for Galaxy Systems}",
  journal = {ApJ},
     year = 1983,
    month = jul,
   volume = 270,
    pages = {384},
      doi = {10.1086/161132},
   adsurl = {http://adsabs.harvard.edu/abs/1983ApJ...270..384M},
  adsnote = {Provided by the SAO/NASA Astrophysics Data System}
}

@ARTICLE{Moffat2006,
   author = {{Moffat}, J.~W.},
    title = "{Scalar tensor vector gravity theory}",
  journal = {JCAP},
   eprint = {gr-qc/0506021},
     year = 2006,
    month = mar,
   volume = 3,
      eid = {004},
    pages = {004},
      doi = {10.1088/1475-7516/2006/03/004},
   adsurl = {http://adsabs.harvard.edu/abs/2006JCAP...03..004M},
  adsnote = {Provided by the SAO/NASA Astrophysics Data System}
}


@ARTICLE{Harris1994,
   author = {{Harris}, W.~E. and {Pudritz}, R.~E.},
    title = "{Supergiant molecular clouds and the formation of globular cluster systems}",
  journal = {ApJ},
 keywords = {Astronomical Models, Galactic Evolution, Globular Clusters, Mass Distribution, Molecular Clouds, Disk Galaxies, Elliptical Galaxies, Gravitational Collapse, H Ii Regions, Interstellar Magnetic Fields},
     year = 1994,
    month = jul,
   volume = 429,
    pages = {177-191},
      doi = {10.1086/174310},
   adsurl = {http://adsabs.harvard.edu/abs/1994ApJ...429..177H},
  adsnote = {Provided by the SAO/NASA Astrophysics Data System}
}


@ARTICLE{Mashchenko2005,
   author = {{Mashchenko}, S. and {Sills}, A.},
    title = "{Globular Clusters with Dark Matter Halos. II. Evolution in a Tidal Field}",
  journal = {ApJ},
   eprint = {astro-ph/0409606},
 keywords = {Cosmology: Dark Matter, Cosmology: Early Universe, Galaxy: Globular Clusters: General, Methods: n-Body Simulations},
     year = 2005,
    month = jan,
   volume = 619,
    pages = {258-269},
      doi = {10.1086/426133},
   adsurl = {http://adsabs.harvard.edu/abs/2005ApJ...619..258M},
  adsnote = {Provided by the SAO/NASA Astrophysics Data System}
}


@INPROCEEDINGS{Gunn1980,
   author = {{Gunn}, J.~E.},
    title = "{Some thoughts concerning the origin of globular clusters}",
booktitle = {Globular Clusters},
     year = 1980,
   editor = {{Hanes}, D. and {Madore}, B.},
    pages = {301},
   adsurl = {http://adsabs.harvard.edu/abs/1980glcl.conf..301G},
  adsnote = {Provided by the SAO/NASA Astrophysics Data System}
}

@ARTICLE{Bromm2002,
   author = {{Bromm}, V. and {Clarke}, C.~J.},
    title = "{The Formation of the First Globular Clusters in Dwarf Galaxies before the Epoch of Reionization}",
  journal = {ApJL},
   eprint = {astro-ph/0201066},
 keywords = {Cosmology: Theory, Cosmology: Early Universe, Galaxies: Formation, Galaxy: Globular Clusters: General, Hydrodynamics, Stars: Formation},
     year = 2002,
    month = feb,
   volume = 566,
    pages = {L1-L4},
      doi = {10.1086/339440},
   adsurl = {http://adsabs.harvard.edu/abs/2002ApJ...566L...1B},
  adsnote = {Provided by the SAO/NASA Astrophysics Data System}
}

@ARTICLE{Moore1996,
   author = {{Moore}, B.},
    title = "{Constraints on the Global Mass-to-Light Ratios and on the Extent of Dark Matter Halos in Globular Clusters and Dwarf Spheroidals}",
  journal = {ApJL},
   eprint = {astro-ph/9511147},
 keywords = {COSMOLOGY: DARK MATTER, GALAXY: FORMATION, GALAXY: GLOBULAR CLUSTERS: GENERAL, STARS: LOW-MASS, BROWN DWARFS, GALAXIES: HALOS, GALAXIES: INTERACTIONS},
     year = 1996,
    month = apr,
   volume = 461,
    pages = {L13},
      doi = {10.1086/309998},
   adsurl = {http://adsabs.harvard.edu/abs/1996ApJ...461L..13M},
  adsnote = {Provided by the SAO/NASA Astrophysics Data System}
}


@ARTICLE{Odenkirchen2003,
   author = {{Odenkirchen}, M. and {Grebel}, E.~K. and {Dehnen}, W. and {Rix}, H.-W. and 
	{Yanny}, B. and {Newberg}, H.~J. and {Rockosi}, C.~M. and {Mart{\'{\i}}nez-Delgado}, D. and 
	{Brinkmann}, J. and {Pier}, J.~R.},
  journal = {AJ},
   eprint = {astro-ph/0307446},
 keywords = {Galaxy: Halo, Galaxy: Globular Clusters: General, Galaxy: Globular Clusters: Individual: Name: Palomar 5},
     year = 2003,
    month = nov,
   volume = 126,
    pages = {2385-2407},
      doi = {10.1086/378601},
   adsurl = {http://adsabs.harvard.edu/abs/2003AJ....126.2385O},
  adsnote = {Provided by the SAO/NASA Astrophysics Data System}
}

@ARTICLE{Grillmair1995,
   author = {{Grillmair}, C.~J. and {Freeman}, K.~C. and {Irwin}, M. and 
	{Quinn}, P.~J.},
    title = "{Globular Clusters with Tidal Tails: Deep Two-Color Star Counts}",
  journal = {AJ},
   eprint = {astro-ph/9502039},
 keywords = {GALAXY: HALO, GLOBULAR CLUSTERS: GENERAL, GALAXY: KINEMATICS AND DYNAMICS},
     year = 1995,
    month = jun,
   volume = 109,
    pages = {2553},
      doi = {10.1086/117470},
   adsurl = {http://adsabs.harvard.edu/abs/1995AJ....109.2553G},
  adsnote = {Provided by the SAO/NASA Astrophysics Data System}
}

@ARTICLE{Peebles1984,
   author = {{Peebles}, P.~J.~E.},
    title = "{Dark matter and the origin of galaxies and globular star clusters}",
  journal = {ApJ},
 keywords = {Cosmology, Dark Matter, Galactic Evolution, Globular Clusters, Star Clusters, Astronomical Models, Halos, Mass Distribution, Matter (Physics)},
     year = 1984,
    month = feb,
   volume = 277,
    pages = {470-477},
      doi = {10.1086/161714},
   adsurl = {http://adsabs.harvard.edu/abs/1984ApJ...277..470P},
  adsnote = {Provided by the SAO/NASA Astrophysics Data System}
}

@ARTICLE{Kroupa2001,
   author = {{Kroupa}, P.},
  journal = {MNRAS},
   eprint = {astro-ph/0009005},
 keywords = {BINARIES: GENERAL, STARS: FORMATION, STARS: KINEMATICS, STARS: LUMINOSITY FUNCTION, MASS FUNCTION, GLOBULAR CLUSTERS: GENERAL, OPEN CLUSTERS AND ASSOCIATIONS: GENERAL},
     year = 2001,
    month = apr,
   volume = 322,
    pages = {231-246},
      doi = {10.1046/j.1365-8711.2001.04022.x},
   adsurl = {http://adsabs.harvard.edu/abs/2001MNRAS.322..231K},
  adsnote = {Provided by the SAO/NASA Astrophysics Data System}
}

@ARTICLE{Planck15,
   author = {{Planck Collaboration} and {Ade}, P.~A.~R. and {Aghanim}, N. and 
	{Arnaud}, M. and {Ashdown}, M. and {Aumont}, J. and {Baccigalupi}, C. and 
	{Banday}, A.~J. and {Barreiro}, R.~B. and {Bartlett}, J.~G. and et al.},
    title = "{Planck 2015 results. XIII. Cosmological parameters}",
  journal = {ArXiv e-prints:1502.01589},
archivePrefix = "arXiv",
   eprint = {1502.01589},
 keywords = {Astrophysics - Cosmology and Nongalactic Astrophysics},
     year = 2015,
    month = feb,
   adsurl = {http://adsabs.harvard.edu/abs/2015arXiv150201589P},
  adsnote = {Provided by the SAO/NASA Astrophysics Data System}
}

@ARTICLE{HenonB,
   author = {{Henon}, M.},
  journal = {Astronomy and Astrophysics},
     year = 1969,
    month = jun,
   volume = 2,
    pages = {151},
   adsurl = {http://adsabs.harvard.edu/abs/1969A%26A.....2..151H},
  adsnote = {Provided by the SAO/NASA Astrophysics Data System}
}

@ARTICLE{HenonA,
   author = {{H{\'e}non}, M.},
  journal = {Annales d'Astrophysique},
     year = 1960,
    month = feb,
   volume = 23,
    pages = {467},
   adsurl = {http://adsabs.harvard.edu/abs/1960AnAp...23..467H},
  adsnote = {Provided by the SAO/NASA Astrophysics Data System}
}

@ARTICLE{Dearborn1990,
   author = {{Dearborn}, D. and {Raffelt}, G. and {Salati}, P. and {Silk}, J. and 
	{Bouquet}, A.},
    title = "{Dark matter and thermal pulses in horizontal-branch stars}",
  journal = {ApJ},
 keywords = {Dark Matter, Horizontal Branch Stars, Stellar Physics, Weak Interactions (Field Theory), Convective Flow, Helium, Kelvin-Helmholtz Instability, Stellar Cores, Stellar Evolution, Stellar Mass},
     year = 1990,
    month = may,
   volume = 354,
    pages = {568-582},
      doi = {10.1086/168716},
   adsurl = {http://adsabs.harvard.edu/abs/1990ApJ...354..568D},
  adsnote = {Provided by the SAO/NASA Astrophysics Data System}
}

@ARTICLE{Spergel1985,
   author = {{Spergel}, D.~N. and {Press}, W.~H.},
    title = "{Effect of hypothetical, weakly interacting, massive particles on energy transport in the solar interior}",
  journal = {ApJ},
 keywords = {Nuclear Fusion, Particle Interactions, Solar Interior, Solar Neutrinos, Stellar Cores, Angular Momentum, Anisotropy, Energy Transfer, Evaporation, Orbits, Scattering Cross Sections, Weak Interactions (Field Theory)},
     year = 1985,
    month = jul,
   volume = 294,
    pages = {663-673},
      doi = {10.1086/163336},
   adsurl = {http://adsabs.harvard.edu/abs/1985ApJ...294..663S},
  adsnote = {Provided by the SAO/NASA Astrophysics Data System}
}

@ARTICLE{Faham,
   author = {{Faham}, C. and {for the LUX Collaboration}},
    title = "{First Dark Matter Search Results from the Large Underground Xenon (LUX) Experiment}",
  journal = {ArXiv e-prints:1405.5906},
archivePrefix = "arXiv",
   eprint = {1405.5906},
 primaryClass = "hep-ex",
 keywords = {High Energy Physics - Experiment, Astrophysics - Cosmology and Nongalactic Astrophysics, Astrophysics - Instrumentation and Methods for Astrophysics, Physics - Instrumentation and Detectors},
     year = 2014,
    month = may,
   adsurl = {http://adsabs.harvard.edu/abs/2014arXiv1405.5906F},
  adsnote = {Provided by the SAO/NASA Astrophysics Data System}
}


@ARTICLE{Bullet_clust,
   author = {{Clowe}, D. and {Brada{\v c}}, M. and {Gonzalez}, A.~H. and 
	{Markevitch}, M. and {Randall}, S.~W. and {Jones}, C. and {Zaritsky}, D.
	},
  journal = {ApJ Letters},
   eprint = {astro-ph/0608407},
 keywords = {Cosmology: Dark Matter, galaxies: clusters: individual (1E 0657-558), Cosmology: Gravitational Lensing},
     year = 2006,
    month = sep,
   volume = 648,
    pages = {L109-L113},
      doi = {10.1086/508162},
   adsurl = {http://adsabs.harvard.edu/abs/2006ApJ...648L.109C},
  adsnote = {Provided by the SAO/NASA Astrophysics Data System}
}

@ARTICLE{ACT,
   author = {{Sievers}, J.~L. and {Hlozek}, R.~A. and {Nolta}, M.~R. and 
	{Acquaviva}, V. and {Addison}, G.~E. and {Ade}, P.~A.~R. and 
	{Aguirre}, P. and {Amiri}, M. and {Appel}, J.~W. and {Barrientos}, L.~F. and 
	{Battistelli}, E.~S. and {Battaglia}, N. and {Bond}, J.~R. and 
	{Brown}, B. and {Burger}, B. and {Calabrese}, E. and {Chervenak}, J. and 
	{Crichton}, D. and {Das}, S. and {Devlin}, M.~J. and {Dicker}, S.~R. and 
	{Bertrand Doriese}, W. and {Dunkley}, J. and {D{\"u}nner}, R. and 
	{Essinger-Hileman}, T. and {Faber}, D. and {Fisher}, R.~P. and 
	{Fowler}, J.~W. and {Gallardo}, P. and {Gordon}, M.~S. and {Gralla}, M.~B. and 
	{Hajian}, A. and {Halpern}, M. and {Hasselfield}, M. and {Hern{\'a}ndez-Monteagudo}, C. and 
	{Hill}, J.~C. and {Hilton}, G.~C. and {Hilton}, M. and {Hincks}, A.~D. and 
	{Holtz}, D. and {Huffenberger}, K.~M. and {Hughes}, D.~H. and 
	{Hughes}, J.~P. and {Infante}, L. and {Irwin}, K.~D. and {Jacobson}, D.~R. and 
	{Johnstone}, B. and {Baptiste Juin}, J. and {Kaul}, M. and {Klein}, J. and 
	{Kosowsky}, A. and {Lau}, J.~M. and {Limon}, M. and {Lin}, Y.-T. and 
	{Louis}, T. and {Lupton}, R.~H. and {Marriage}, T.~A. and {Marsden}, D. and 
	{Martocci}, K. and {Mauskopf}, P. and {McLaren}, M. and {Menanteau}, F. and 
	{Moodley}, K. and {Moseley}, H. and {Netterfield}, C.~B. and 
	{Niemack}, M.~D. and {Page}, L.~A. and {Page}, W.~A. and {Parker}, L. and 
	{Partridge}, B. and {Plimpton}, R. and {Quintana}, H. and {Reese}, E.~D. and 
	{Reid}, B. and {Rojas}, F. and {Sehgal}, N. and {Sherwin}, B.~D. and 
	{Schmitt}, B.~L. and {Spergel}, D.~N. and {Staggs}, S.~T. and 
	{Stryzak}, O. and {Swetz}, D.~S. and {Switzer}, E.~R. and {Thornton}, R. and 
	{Trac}, H. and {Tucker}, C. and {Uehara}, M. and {Visnjic}, K. and 
	{Warne}, R. and {Wilson}, G. and {Wollack}, E. and {Zhao}, Y. and 
	{Zunckel}, C.},
  journal = {JCAP},
archivePrefix = "arXiv",
   eprint = {1301.0824},
 primaryClass = "astro-ph.CO",
     year = 2013,
    month = oct,
   volume = 10,
      eid = {060},
    pages = {60},
      doi = {10.1088/1475-7516/2013/10/060},
   adsurl = {http://adsabs.harvard.edu/abs/2013JCAP...10..060S},
  adsnote = {Provided by the SAO/NASA Astrophysics Data System}
}

@ARTICLE{Henon1969,
   author = {{Henon}, M.},
  journal = {Astronomy \& Astrophysics},
     year = 1969,
    month = jun,
   volume = 2,
    pages = {151},
   adsurl = {http://adsabs.harvard.edu/abs/1969A%26A.....2..151H},
  adsnote = {Provided by the SAO/NASA Astrophysics Data System}
}

@ARTICLE{Henon1960,
   author = {{Henon}, M.},
  journal = {Annales d'Astrophysique},
     year = 1960,
    month = feb,
   volume = 23,
    pages = {467},
   adsurl = {http://adsabs.harvard.edu/abs/1960AnAp...23..467H},
  adsnote = {Provided by the SAO/NASA Astrophysics Data System}
}

@ARTICLE{LEP,
   author = {{Fox}, P.~J. and {Harnik}, R. and {Kopp}, J. and {Tsai}, Y.},
  journal = {Phys Rev D},
archivePrefix = "arXiv",
   eprint = {1103.0240},
 primaryClass = "hep-ph",
 keywords = {Dark matter, Production of non-standard model particles in e$^{-}$e$^{+}$ interactions, Elementary particle processes},
     year = 2011,
    month = jul,
   volume = 84,
   number = 1,
      eid = {014028},
    pages = {014028},
      doi = {10.1103/PhysRevD.84.014028},
   adsurl = {http://adsabs.harvard.edu/abs/2011PhRvD..84a4028F},
  adsnote = {Provided by the SAO/NASA Astrophysics Data System}
}


@ARTICLE{Askew,
   author = {{Askew}, A. and {Chauhan}, S. and {Penning}, B. and {Shepherd}, W. and 
	{Tripathi}, M.},
  journal = {International Journal of Modern Physics A},
archivePrefix = "arXiv",
   eprint = {1406.5662},
 primaryClass = "hep-ph",
 keywords = {Dark matter, LHC, WIMP, Dark matter, Inclusive production with identified leptons photons or other nonhadronic particles, Limits on production of particles},
     year = 2014,
    month = sep,
   volume = 29,
      eid = {1430041},
    pages = {30041},
      doi = {10.1142/S0217751X14300415},
   adsurl = {http://adsabs.harvard.edu/abs/2014IJMPA..2930041A},
  adsnote = {Provided by the SAO/NASA Astrophysics Data System}
}

@ARTICLE{Bertone,
   author = {{Bertone}, G. and {Fairbairn}, M.},
  journal = {Phys Rev D},
archivePrefix = "arXiv",
   eprint = {0709.1485},
 keywords = {Dark matter},
     year = 2008,
    month = feb,
   volume = 77,
   number = 4,
      eid = {043515},
    pages = {043515},
      doi = {10.1103/PhysRevD.77.043515},
   adsurl = {http://adsabs.harvard.edu/abs/2008PhRvD..77d3515B},
  adsnote = {Provided by the SAO/NASA Astrophysics Data System}
}

@ARTICLE{Arina,
   author = {{Arina}, C. and {Del Nobile}, E. and {Panci}, P.},
    title = "{Dark Matter with Pseudoscalar-Mediated Interactions Explains the DAMA Signal and the Galactic Center Excess}",
  journal = {Physical Review Letters},
archivePrefix = "arXiv",
   eprint = {1406.5542},
 primaryClass = "hep-ph",
 keywords = {Dark matter, Models beyond the standard model, gamma-ray sources, gamma-ray bursts},
     year = 2015,
    month = jan,
   volume = 114,
   number = 1,
      eid = {011301},
    pages = {011301},
      doi = {10.1103/PhysRevLett.114.011301},
   adsurl = {http://adsabs.harvard.edu/abs/2015PhRvL.114a1301A},
  adsnote = {Provided by the SAO/NASA Astrophysics Data System}
}


@ARTICLE{Cholis,
   author = {{Cholis}, I. and {Salucci}, P.},
  journal = {Phys Rev D},
archivePrefix = "arXiv",
   eprint = {1203.2954},
 primaryClass = "astro-ph.HE",
 keywords = {Dark matter},
     year = 2012,
    month = jul,
   volume = 86,
   number = 2,
      eid = {023528},
    pages = {023528},
      doi = {10.1103/PhysRevD.86.023528},
   adsurl = {http://adsabs.harvard.edu/abs/2012PhRvD..86b3528C},
  adsnote = {Provided by the SAO/NASA Astrophysics Data System}
}

@ARTICLE{Geringer2,
   author = {{Geringer-Sameth}, A. and {Koushiappas}, S.~M. and {Walker}, M.~G.
	},
    title = "{Comprehensive search for dark matter annihilation in dwarf galaxies}",
  journal = {Phys Rev D},
archivePrefix = "arXiv",
   eprint = {1410.2242},
 keywords = {Dark matter, Models beyond the standard model, X- and gamma-ray telescopes and instrumentation, Dwarf galaxies},
     year = 2015,
    month = apr,
   volume = 91,
   number = 8,
      eid = {083535},
    pages = {083535},
      doi = {10.1103/PhysRevD.91.083535},
   adsurl = {http://adsabs.harvard.edu/abs/2015PhRvD..91h3535G},
  adsnote = {Provided by the SAO/NASA Astrophysics Data System}
}


@ARTICLE{Diamanti,
   author = {{Diamanti}, R. and {Lopez-Honorez}, L. and {Mena}, O. and {\it{et al.}}},
  journal = {JCAP},
archivePrefix = "arXiv",
   eprint = {1308.2578},
 primaryClass = "astro-ph.CO",
     year = 2014,
    month = feb,
   volume = 2,
      eid = {017},
    pages = {17},
      doi = {10.1088/1475-7516/2014/02/017},
   adsurl = {http://adsabs.harvard.edu/abs/2014JCAP...02..017D},
  adsnote = {Provided by the SAO/NASA Astrophysics Data System}
}


@ARTICLE{Fermi2,
   author = {{Ackermann}, M. and {Albert}, A. and {Anderson}, B. and {Baldini}, L. and 
	{Ballet}, J. and {Barbiellini}, G. and {Bastieri}, D. and {Bechtol}, K. and {Fermi-LAT Collaboration} and {\it{et al.}}
	},
    title = "{Dark matter constraints from observations of 25 Milky{\^A} Way satellite galaxies with the Fermi Large Area Telescope}",
  journal = {Phys Rev D},
archivePrefix = "arXiv",
   eprint = {1310.0828},
 primaryClass = "astro-ph.HE",
 keywords = {Dark matter, gamma-ray, Dwarf galaxies},
     year = 2014,
    month = feb,
   volume = 89,
   number = 4,
      eid = {042001},
    pages = {042001},
      doi = {10.1103/PhysRevD.89.042001},
   adsurl = {http://adsabs.harvard.edu/abs/2014PhRvD..89d2001A},
  adsnote = {Provided by the SAO/NASA Astrophysics Data System}
}

@ARTICLE{Geringer,
   author = {{Geringer-Sameth}, A. and {Koushiappas}, S.~M.},
  journal = {Physical Review Letters},
archivePrefix = "arXiv",
   eprint = {1108.2914},
 primaryClass = "astro-ph.CO",
 keywords = {Dark matter, gamma-ray, Dwarf galaxies},
     year = 2011,
    month = dec,
   volume = 107,
   number = 24,
      eid = {241303},
    pages = {241303},
      doi = {10.1103/PhysRevLett.107.241303},
   adsurl = {http://adsabs.harvard.edu/abs/2011PhRvL.107x1303G},
  adsnote = {Provided by the SAO/NASA Astrophysics Data System}
}

@ARTICLE{pwave,
   author = {{Madhavacheril}, M.~S. and {Sehgal}, N. and {Slatyer}, T.~R.
	},
  journal = {Phys Rev D},
archivePrefix = "arXiv",
   eprint = {1310.3815},
 keywords = {Dark matter, Cosmology},
     year = 2014,
    month = may,
   volume = 89,
   number = 10,
      eid = {103508},
    pages = {103508},
      doi = {10.1103/PhysRevD.89.103508},
   adsurl = {http://adsabs.harvard.edu/abs/2014PhRvD..89j3508M},
  adsnote = {Provided by the SAO/NASA Astrophysics Data System}
}

@ARTICLE{Aravind,
   author = {{Natarajan}, A.},
  journal = {Phys Rev D},
archivePrefix = "arXiv",
   eprint = {1201.3939},
 primaryClass = "astro-ph.CO",
 keywords = {Dark matter},
     year = 2012,
    month = apr,
   volume = 85,
   number = 8,
      eid = {083517},
    pages = {083517},
      doi = {10.1103/PhysRevD.85.083517},
   adsurl = {http://adsabs.harvard.edu/abs/2012PhRvD..85h3517N},
  adsnote = {Provided by the SAO/NASA Astrophysics Data System}
}

@ARTICLE{Huang,
   author = {{Huang}, R.~H.~H. and {Becker}, W. and {Edmonds}, P.~D. and 
	{Elsner}, R.~F. and {\it{et al.}}},
  journal = {Astronomy and Astrophysics},
archivePrefix = "arXiv",
   eprint = {0912.1148},
 primaryClass = "astro-ph.SR",
 keywords = {globular clusters: individual: M 71 globular clusters: individual: NGC 6838},
     year = 2010,
    month = apr,
   volume = 513,
      eid = {A16},
    pages = {A16},
      doi = {10.1051/0004-6361/200811245},
   adsurl = {http://adsabs.harvard.edu/abs/2010A%26A...513A..16H},
  adsnote = {Provided by the SAO/NASA Astrophysics Data System}
}

@ARTICLE{Thomson,
   author = {{Thomson}, G.~S. and {Knigge}, C. and {Dieball}, A. and {Maccarone}, T.~J. and 
	{\it{et al.}}},
  journal = {MNRAS},
archivePrefix = "arXiv",
   eprint = {1204.4723},
 primaryClass = "astro-ph.SR",
 keywords = {binaries: close, stars: dwarf novae, novae, cataclysmic variables, stars: variables: general, globular clusters: individual: NGC 6752},
     year = 2012,
    month = jul,
   volume = 423,
    pages = {2901-2916},
      doi = {10.1111/j.1365-2966.2012.21104.x},
   adsurl = {http://adsabs.harvard.edu/abs/2012MNRAS.423.2901T},
  adsnote = {Provided by the SAO/NASA Astrophysics Data System}
}


@ARTICLE{Paust,
   author = {{Paust}, N.~E.~Q. and {Aparicio}, A. and {Piotto}, G. and {Reid}, I.~N. and 
	{\it{et al.}}},
  journal = {The Astronomical Journal},
 keywords = {galaxies: luminosity function, mass function, globular clusters: general, globular clusters: individual: NGC 6366},
     year = 2009,
    month = jan,
   volume = 137,
    pages = {246-256},
      doi = {10.1088/0004-6256/137/1/246},
   adsurl = {http://adsabs.harvard.edu/abs/2009AJ....137..246P},
  adsnote = {Provided by the SAO/NASA Astrophysics Data System}
}

@ARTICLE{Simon2011,
   author = {{Simon}, J.~D. and {Geha}, M. and {Minor}, Q.~E. and {Martinez}, G.~D. and 
	{\it{et al.}}},
  journal = {ApJ},
archivePrefix = "arXiv",
   eprint = {1007.4198},
 primaryClass = "astro-ph.GA",
 keywords = {dark matter, galaxies: dwarf, galaxies: individual: Segue 1, galaxies: kinematics and dynamics, Local Group},
     year = 2011,
    month = may,
   volume = 733,
      eid = {46},
    pages = {46},
      doi = {10.1088/0004-637X/733/1/46},
   adsurl = {http://adsabs.harvard.edu/abs/2011ApJ...733...46S},
  adsnote = {Provided by the SAO/NASA Astrophysics Data System}
}


@ARTICLE{Formaggio,
   author = {{Formaggio}, J. A. and {Zeller}, G. P.},
  journal = {Reviews of Modern Physics},
archivePrefix = "arXiv",
   eprint = {1305.7513},
 keywords = {Neutrino scattering, Neutrino interactions, Ordinary neutrinos (nuW bosons},
     year = 2012,
    month = jul,
   volume = 84,
    pages = {1307-1341},
      doi = {10.1103/RevModPhys.84.130},
   adsurl = {http://adsabs.harvard.edu/abs/2012RvMP...84.1307F},
  adsnote = {Provided by the SAO/NASA Astrophysics Data System}
}

@ARTICLE{Isern,
   author = {{Isern}, J. and {Garc{\'{\i}}a-Berro}, E. and {Torres}, S. and 
	{Catal{\'a}n}, S.},
  journal = {Ap. J. Letters},
archivePrefix = "arXiv",
   eprint = {0806.2807},
 keywords = {Elementary Particles, Stars: Luminosity Function, Mass Function, Stars: White Dwarfs},
     year = 2008,
    month = aug,
   volume = 682,
    pages = {L109-L112},
      doi = {10.1086/591042},
   adsurl = {http://adsabs.harvard.edu/abs/2008ApJ...682L.109I},
  adsnote = {Provided by the SAO/NASA Astrophysics Data System}
}

@ARTICLE{Bovy,
   author = {{Bovy}, J. and {Tremaine}, S.},
  journal = {ApJ},
archivePrefix = "arXiv",
   eprint = {1205.4033},
 primaryClass = "astro-ph.GA",
 keywords = {Galaxy: disk, Galaxy: fundamental parameters, Galaxy: halo, Galaxy: kinematics and dynamics, Galaxy: structure, solar neighborhood},
     year = 2012,
    month = sep,
   volume = 756,
      eid = {89},
    pages = {89},
      doi = {10.1088/0004-637X/756/1/89},
   adsurl = {http://adsabs.harvard.edu/abs/2012ApJ...756...89B},
  adsnote = {Provided by the SAO/NASA Astrophysics Data System}
}

@ARTICLE{Raffelt,
   author = {{Raffelt}, G.~G.},
  journal = {Physics Letters B},
     year = 1986,
    month = jan,
   volume = 166,
    pages = {402-406},
      doi = {10.1016/0370-2693(86)91588-1},
   adsurl = {http://adsabs.harvard.edu/abs/1986PhLB..166..402R},
  adsnote = {Provided by the SAO/NASA Astrophysics Data System}
}

@ARTICLE{Faulkner,
   author = {{Faulkner}, J. and {Gilliland}, R.~L.},
  journal = {ApJ},
 keywords = {Elementary Particle Interactions, Solar Neutrinos, Solar Physics, Stellar Cores, Weak Energy Interactions, Energy Transfer, Isothermal Processes, Scattering Cross Sections, Solar Flux Density},
     year = 1985,
    month = dec,
   volume = 299,
    pages = {994-1000},
      doi = {10.1086/163766},
   adsurl = {http://adsabs.harvard.edu/abs/1985ApJ...299..994F},
  adsnote = {Provided by the SAO/NASA Astrophysics Data System}
}

@ARTICLE{Krauss,
   author = {{Krauss}, L.~M. and {Freese}, K. and {Spergel}, D.~N. and {Press}, W.~H.
	},
  journal = {ApJ},
 keywords = {Abundance, Cold Plasmas, Elementary Particle Interactions, Missing Mass (Astrophysics), Solar Neutrinos, Weak Energy Interactions, Annihilation Reactions, Capture Effect, Milky Way Galaxy, Scattering Cross Sections},
     year = 1985,
    month = dec,
   volume = 299,
    pages = {1001-1006},
      doi = {10.1086/163767},
   adsurl = {http://adsabs.harvard.edu/abs/1985ApJ...299.1001K},
  adsnote = {Provided by the SAO/NASA Astrophysics Data System}
}


@ARTICLE{Press&Spergel,
   author = {{Press}, W.~H. and {Spergel}, D.~N.},
  journal = {ApJ},
 keywords = {Capture Effect, Elementary Particles, Missing Mass (Astrophysics), Solar Neutrinos, Solar Physics, Kinematics, Milky Way Galaxy, Rates (Per Time), Scattering Cross Sections, Stellar Mass Accretion},
     year = 1985,
    month = sep,
   volume = 296,
    pages = {679-684},
      doi = {10.1086/163485},
   adsurl = {http://adsabs.harvard.edu/abs/1985ApJ...296..679P},
  adsnote = {Provided by the SAO/NASA Astrophysics Data System}
}

@ARTICLE{GouldCap2,
   author = {{Gould}, A.},
  journal = {ApJ},
 keywords = {Annihilation Reactions, Elementary Particle Interactions, Particle Mass, Solar Interior, Space Density, Weak Energy Interactions, Dark Matter, Nuclear Fusion, Solar Neutrinos},
     year = 1992,
    month = apr,
   volume = 388,
    pages = {338-344},
      doi = {10.1086/171156},
   adsurl = {http://adsabs.harvard.edu/abs/1992ApJ...388..338G},
  adsnote = {Provided by the SAO/NASA Astrophysics Data System}
}


@ARTICLE{GouldCap1,
   author = {{Gould}, A.},
  journal = {ApJ},
 keywords = {Capture Effect, Earth Environment, Elementary Particle Interactions, Particle Mass, Resonance, Weak Interactions (Field Theory), Dirac Equation, Neutrinos, Solar Temperature},
     year = 1987,
    month = oct,
   volume = 321,
    pages = {571-585},
      doi = {10.1086/165653},
   adsurl = {http://adsabs.harvard.edu/abs/1987ApJ...321..571G},
  adsnote = {Provided by the SAO/NASA Astrophysics Data System}
}

@ARTICLE{Fermi,
   author = {{Ackermann}, M. and {Ajello}, M. and {Atwood}, W.~B. and {Baldini}, L. and {\it{et al.}}},
  journal = {ApJ},
archivePrefix = "arXiv",
   eprint = {1205.6474},
 primaryClass = "astro-ph.CO",
 keywords = {dark matter, Galaxy: halo, gamma rays: diffuse background, methods: statistical},
     year = 2012,
    month = dec,
   volume = 761,
      eid = {91},
    pages = {91},
      doi = {10.1088/0004-637X/761/2/91},
   adsurl = {http://adsabs.harvard.edu/abs/2012ApJ...761...91A},
  adsnote = {Provided by the SAO/NASA Astrophysics Data System}
}

@ARTICLE{AMS,
   author = {{AMS Collaboration} and {Aguilar}, M. and {Alcaraz}, J. and 
	{Allaby}, J. and {Alpat}, B. and {Ambrosi}, G. and {Anderhub}, H. and 
	{Ao}, L. and {Arefiev}, A. and {Azzarello}, P. and et al.},
    title = "{The Alpha Magnetic Spectrometer (AMS) on the International Space Station: Part I - results from the test flight on the space shuttle}",
  journal = {Physics Reports},
     year = 2002,
    month = aug,
   volume = 366,
    pages = {331-405},
      doi = {10.1016/S0370-1573(02)00013-3},
   adsurl = {http://adsabs.harvard.edu/abs/2002PhR...366..331A},
  adsnote = {Provided by the SAO/NASA Astrophysics Data System}
}

@article{IceCube2013,
	Adsnote = {Provided by the SAO/NASA Astrophysics Data System},
	Adsurl = {http://adsabs.harvard.edu/abs/2013PhRvD..88l2001A},
	Archiveprefix = {arXiv},
	Author = {{Aartsen}, M.~G. and {Abbasi}, R. and {Abdou}, Y. and {Ackermann}, M. and {Adams}, J. and {Aguilar}, J.~A. and {Ahlers}, M. and {Altmann}, D. and {Auffenberg}, J. and {Bai}, X. and et al.},
	Doi = {10.1103/PhysRevD.88.122001},
	Eid = {122001},
	Eprint = {1307.3473},
	Journal = {Phys Rev D},
	Keywords = {Dark matter, Neutrino muon pion and other elementary particles, cosmic rays},
	Month = dec,
	Number = 12,
	Pages = {122001},
	Primaryclass = {astro-ph.HE},
	Volume = 88,
	Year = 2013,
	Bdsk-Url-1 = {http://dx.doi.org/10.1103/PhysRevD.88.122001}}

@article{griest_kamionkowski90,
	Adsnote = {Provided by the SAO/NASA Astrophysics Data System},
	Adsurl = {http://adsabs.harvard.edu/abs/1990PhRvL..64..615G},
	Author = {{Griest}, K. and {Kamionkowski}, M.},
	Doi = {10.1103/PhysRevLett.64.615},
	Journal = {Physical Review Letters},
	Keywords = {Annihilation Reactions, Dark Matter, Neutrinos, Particle Mass, Thermodynamic Equilibrium, Universe, Cosmology, Radii},
	Month = feb,
	Pages = {615-618},
	Volume = 64,
	Year = 1990,
	Bdsk-Url-1 = {http://dx.doi.org/10.1103/PhysRevLett.64.615}}

@article{Iocco,
	Adsnote = {Provided by the SAO/NASA Astrophysics Data System},
	Adsurl = {http://adsabs.harvard.edu/abs/2008MNRAS.390.1655I},
	Archiveprefix = {arXiv},
	Author = {{Iocco}, F. and {Bressan}, A. and {Ripamonti}, E. and {Schneider}, R. and {Ferrara}, A. and {Marigo}, P.},
	Date-Modified = {2014-04-17 21:58:02 +0000},
	Doi = {10.1111/j.1365-2966.2008.13853.x},
	Eprint = {0805.4016},
	Journal = {MNRAS},
	Keywords = {stars: evolution , stars: pre-main-sequence , dark matter , early Universe},
	Month = nov,
	Pages = {1655-1669},
	Volume = 390,
	Year = 2008,
	Bdsk-Url-1 = {http://dx.doi.org/10.1111/j.1365-2966.2008.13853.x}}

@article{Natarajan,
	Adsnote = {Provided by the SAO/NASA Astrophysics Data System},
	Adsurl = {http://adsabs.harvard.edu/abs/2009ApJ...692..574N},
	Archiveprefix = {arXiv},
	Author = {{Natarajan}, A. and {Tan}, J.~C. and {O'Shea}, B.~W.},
	Doi = {10.1088/0004-637X/692/1/574},
	Eprint = {0807.3769},
	Journal = {ApJ},
	Keywords = {cosmology: theory, dark matter, early universe, galaxies: formation, stars: formation},
	Month = feb,
	Pages = {574-583},
	Volume = 692,
	Year = 2009,
	Bdsk-Url-1 = {http://dx.doi.org/10.1088/0004-637X/692/1/574}}

@article{Spolyar,
	Adsnote = {Provided by the SAO/NASA Astrophysics Data System},
	Adsurl = {http://adsabs.harvard.edu/abs/2008PhRvL.100e1101S},
	Archiveprefix = {arXiv},
	Author = {{Spolyar}, D. and {Freese}, K. and {Gondolo}, P.},
	Doi = {10.1103/PhysRevLett.100.051101},
	Eid = {051101},
	Eprint = {0705.0521},
	Journal = {Physical Review Letters},
	Keywords = {Star formation, Dark matter, Particle-theory and field-theory models of the early Universe},
	Month = feb,
	Number = 5,
	Pages = {051101},
	Volume = 100,
	Year = 2008,
	Bdsk-Url-1 = {http://dx.doi.org/10.1103/PhysRevLett.100.051101}}

@ARTICLE{Panci1,
   author = {{Fornengo}, N. and {Panci}, P. and {Regis}, M.},
  journal = {Phys Rev D},
archivePrefix = "arXiv",
   eprint = {1108.4661},
 primaryClass = "hep-ph",
 keywords = {Dark matter, Supersymmetry, Supersymmetric models, Elementary particle processes},
     year = 2011,
    month = dec,
   volume = 84,
   number = 11,
      eid = {115002},
    pages = {115002},
      doi = {10.1103/PhysRevD.84.115002},
   adsurl = {http://adsabs.harvard.edu/abs/2011PhRvD..84k5002F},
  adsnote = {Provided by the SAO/NASA Astrophysics Data System}
}

@article{Burners3,
	Adsnote = {Provided by the SAO/NASA Astrophysics Data System},
	Adsurl = {http://adsabs.harvard.edu/abs/2008PhRvD..77d7301F},
	Archiveprefix = {arXiv},
	Author = {{Fairbairn}, M. and {Scott}, P. and {Edsj{\"o}}, J.},
	Doi = {10.1103/PhysRevD.77.047301},
	Eid = {047301},
	Eprint = {0710.3396},
	Journal = {Phys Rev D},
	Keywords = {Dark matter},
	Month = feb,
	Number = 4,
	Pages = {047301},
	Volume = 77,
	Year = 2008,
	Bdsk-Url-1 = {http://dx.doi.org/10.1103/PhysRevD.77.047301}}

@inproceedings{Burners2,
	Adsnote = {Provided by the SAO/NASA Astrophysics Data System},
	Adsurl = {http://adsabs.harvard.edu/abs/2007AIPC..921..508M},
	Archiveprefix = {arXiv},
	Author = {{Moskalenko}, I.~V. and {Wai}, L.~L.},
	Booktitle = {The First GLAST Symposium},
	Doi = {10.1063/1.2757425},
	Editor = {{Ritz}, S. and {Michelson}, P. and {Meegan}, C.~A.},
	Eprint = {0704.1324},
	Keywords = {Dark matter, Galactic center bar circumnuclear matter and bulge, Elementary particle processes, Stellar structure interiors evolution nucleosynthesis ages},
	Month = jul,
	Pages = {508-509},
	Series = {American Institute of Physics Conference Series},
	Volume = 921,
	Year = 2007,
	Bdsk-Url-1 = {http://dx.doi.org/10.1063/1.2757425}}

@article{Burners,
	Adsnote = {Provided by the SAO/NASA Astrophysics Data System},
	Adsurl = {http://adsabs.harvard.edu/abs/2007ApJ...659L..29M},
	Author = {{Moskalenko}, I.~V. and {Wai}, L.~L.},
	Doi = {10.1086/516708},
	Eprint = {astro-ph/0702654},
	Journal = {ApJ Letters},
	Keywords = {Black Hole Physics, Cosmology: Dark Matter, Elementary Particles, Radiation Mechanisms: Nonthermal, Stars: Evolution, Stars: General},
	Month = apr,
	Pages = {L29-L32},
	Volume = 659,
	Year = 2007,
	Bdsk-Url-1 = {http://dx.doi.org/10.1086/516708}}

@article{Richer,
	Adsnote = {Provided by the SAO/NASA Astrophysics Data System},
	Adsurl = {http://adsabs.harvard.edu/abs/2008AJ....135.2141R},
	Archiveprefix = {arXiv},
	Author = {{Richer}, H.~B. and {Dotter}, A. and {Hurley}, J. and {\it{et al.}}},
	Doi = {10.1088/0004-6256/135/6/2141},
	Eprint = {0708.4030},
	Journal = {The Astronomical Journal},
	Keywords = {Galaxy: halo, globular clusters: individual: NGC 6397, stars: low-mass, brown dwarfs, stars: luminosity function, mass function, stars: Population II, white dwarfs},
	Month = jun,
	Pages = {2141-2154},
	Volume = 135,
	Year = 2008,
	Bdsk-Url-1 = {http://dx.doi.org/10.1088/0004-6256/135/6/2141}}

@webpage{CDS,
	Date-Added = {2014-04-03 14:58:52 +0000},
	Date-Modified = {2014-04-03 17:52:22 +0000},
	Lastchecked = {April 2, 2014},
	Title = {Access to Astronomical Catalogues http://cdsarc.u-strasbg.fr/viz-bin/Cat?J/AJ/135/2141},
	Url = {http://cdsarc.u-strasbg.fr/viz-bin/Cat?J/AJ/135/2141},
	Bdsk-Url-1 = {http://cdsarc.u-strasbg.fr/viz-bin/Cat?J/AJ/135/2141}}

@article{Panci2,
   author = {{Panci}, P.},
    title = "{New Directions in Direct Dark Matter Searches}",
  journal = {ArXiv e-prints:1402.1507},
archivePrefix = "arXiv",
   eprint = {1402.1507},
 primaryClass = "hep-ph",
 keywords = {High Energy Physics - Phenomenology, Astrophysics - Cosmology and Extragalactic Astrophysics, High Energy Physics - Experiment},
     year = 2014,
    month = feb,
   adsurl = {http://adsabs.harvard.edu/abs/2014arXiv1402.1507P},
  adsnote = {Provided by the SAO/NASA Astrophysics Data System}
}

@article{King1962,
	Adsnote = {Provided by the SAO/NASA Astrophysics Data System},
	Adsurl = {http://adsabs.harvard.edu/abs/1962AJ.....67..471K},
	Author = {{King}, I.},
	Date-Modified = {2014-03-25 21:04:34 +0000},
	Doi = {10.1086/108756},
	Journal = {The Astronomical Journal},
	Month = oct,
	Pages = {471},
	Volume = 67,
	Year = 1962,
	Bdsk-Url-1 = {http://dx.doi.org/10.1086/108756}}

@article{NFW,
	Adsnote = {Provided by the SAO/NASA Astrophysics Data System},
	Adsurl = {http://adsabs.harvard.edu/abs/1997ApJ...490..493N},
	Author = {{Navarro}, J.~F. and {Frenk}, C.~S. and {White}, S.~D.~M.},
	Doi = {10.1086/304888},
	Eprint = {astro-ph/9611107},
	Journal = {ApJ},
	Keywords = {COSMOLOGY: THEORY, COSMOLOGY: DARK MATTER, GALAXIES: HALOS, METHODS: NUMERICAL},
	Month = dec,
	Pages = {493},
	Volume = 490,
	Year = 1997,
	Bdsk-Url-1 = {http://dx.doi.org/10.1086/304888}}

@article{Heggie,
	Adsnote = {Provided by the SAO/NASA Astrophysics Data System},
	Adsurl = {http://adsabs.harvard.edu/abs/2009MNRAS.397L..46H},
	Archiveprefix = {arXiv},
	Author = {{Heggie}, D.~C. and {Giersz}, M.},
	Date-Modified = {2014-03-25 21:17:22 +0000},
	Doi = {10.1111/j.1745-3933.2009.00681.x},
	Eprint = {0904.4852},
	Journal = {MNRAS},
	Keywords = {stellar dynamics, methods: numerical, globular clusters: individual: NGC 6397},
	Month = jul,
	Pages = {L46-L50},
	Primaryclass = {astro-ph.GA},
	Volume = 397,
	Year = 2009,
	Bdsk-Url-1 = {http://dx.doi.org/10.1111/j.1745-3933.2009.00681.x}}

@article{King1966,
	Adsnote = {Provided by the SAO/NASA Astrophysics Data System},
	Adsurl = {http://adsabs.harvard.edu/abs/1966AJ.....71...64K},
	Author = {{King}, I.~R.},
	Doi = {10.1086/109857},
	Journal = {The Astronomical Journal},
	Month = feb,
	Pages = {64},
	Volume = 71,
	Year = 1966,
	Bdsk-Url-1 = {http://dx.doi.org/10.1086/109857}}

@article{Reid,
	Adsnote = {Provided by the SAO/NASA Astrophysics Data System},
	Adsurl = {http://adsabs.harvard.edu/abs/1998AJ....116.2929R},
	Author = {{Reid}, I.~N. and {Gizis}, J.~E.},
	Date-Modified = {2014-03-21 15:25:52 +0000},
	Doi = {10.1086/300653},
	Eprint = {astro-ph/9809024},
	Journal = {The Astronomical Journal},
	Keywords = {GALAXY: HALO, GALAXY: GLOBULAR CLUSTERS: INDIVIDUAL: NGC NUMBER: NGC 6397},
	Month = dec,
	Pages = {2929-2935},
	Volume = 116,
	Year = 1998,
	Bdsk-Url-1 = {http://dx.doi.org/10.1086/300653}}

@webpage{cupp,
	Date-Added = {2014-03-20 20:46:14 +0000},
	Date-Modified = {2014-03-20 20:58:10 +0000},
	Lastchecked = {March 20},
	Title = {The Ultimate Neutrino Page http://cupp.oulu.fi/neutrino/nd-cross.html},
	Url = {http://cupp.oulu.fi/neutrino/nd-cross.html},
	Bdsk-Url-1 = {http://cupp.oulu.fi/neutrino/nd-cross.html}}

@article{Klypin,
	Adsnote = {Provided by the SAO/NASA Astrophysics Data System},
	Adsurl = {http://adsabs.harvard.edu/abs/2002ApJ...573..597K},
	Author = {{Klypin}, A. and {Zhao}, H. and {Somerville}, R.~S.},
	Doi = {10.1086/340656},
	Eprint = {astro-ph/0110390},
	Journal = {ApJ},
	Keywords = {Cosmology: Theory, Galaxies: Individual: Messier Number: M31, Galaxy: Structure},
	Month = jul,
	Pages = {597-613},
	Volume = 573,
	Year = 2002,
	Bdsk-Url-1 = {http://dx.doi.org/10.1086/340656}}

@webpage{DMTools,
	Author = {Brown University Particle Physics Group},
	Date-Added = {2014-03-19 20:00:54 +0000},
	Date-Modified = {2014-03-20 20:58:03 +0000},
	Lastchecked = {March 19},
	Title = {DMTools: Dark Matter Limit Plot Generator http://dmtools.brown.edu:8080/plots},
	Url = {http://dmtools.brown.edu:8080/plots},
	Year = {2014},
	Bdsk-Url-1 = {http://dmtools.brown.edu:8080/plots}}

@article{DAMA,
	Adsnote = {Provided by the SAO/NASA Astrophysics Data System},
	Adsurl = {http://adsabs.harvard.edu/abs/2008EPJC...56..333B},
	Archiveprefix = {arXiv},
	Author = {{Bernabei}, R. and {Belli}, P. and {Cappella}, F. and {\it{et al.}}},
	Doi = {10.1140/epjc/s10052-008-0662-y},
	Eprint = {0804.2741},
	Journal = {European Physical Journal C},
	Month = aug,
	Pages = {333},
	Volume = 56,
	Year = 2008,
	Bdsk-Url-1 = {http://dx.doi.org/10.1140/epjc/s10052-008-0662-y}}

@ARTICLE{Abazajian,
   author = {{Abazajian}, K.~N. and {Canac}, N. and {Horiuchi}, S. and {Kaplinghat}, M.
	},
    title = "{Astrophysical and dark matter interpretations of extended gamma-ray emission from the Galactic Center}",
  journal = {Phys Rev D},
archivePrefix = "arXiv",
   eprint = {1402.4090},
 primaryClass = "astro-ph.HE",
 keywords = {Dark matter, X- and gamma-ray telescopes and instrumentation, gamma-ray, Pulsars},
     year = 2014,
    month = jul,
   volume = 90,
   number = 2,
      eid = {023526},
    pages = {023526},
      doi = {10.1103/PhysRevD.90.023526},
   adsurl = {http://adsabs.harvard.edu/abs/2014PhRvD..90b3526A},
  adsnote = {Provided by the SAO/NASA Astrophysics Data System}
}

@article{Kyae,
   author = {{Kyae}, B. and {Park}, J.-C.},
    title = "{Light dark matter for Fermi-LAT and CDMS observations}",
  journal = {Physics Letters B},
archivePrefix = "arXiv",
   eprint = {1310.2284},
 primaryClass = "hep-ph",
     year = 2014,
    month = may,
   volume = 732,
    pages = {373-379},
      doi = {10.1016/j.physletb.2014.04.003},
   adsurl = {http://adsabs.harvard.edu/abs/2014PhLB..732..373K},
  adsnote = {Provided by the SAO/NASA Astrophysics Data System}
}

@article{SuperCDMS,
   author = {{Agnese}, R. and {Anderson}, A.~J. and {Asai}, M. and {Balakishiyeva}, D. and 
	{Basu Thakur}, R. and {Bauer}, D.~A. and {Beaty}, J. and {Billard}, J. and {SuperCDMS Collaboration} and {\it{et al.}}
	},
    title = "{Search for Low-Mass Weakly Interacting Massive Particles with SuperCDMS}",
  journal = {Physical Review Letters},
archivePrefix = "arXiv",
   eprint = {1402.7137},
 primaryClass = "hep-ex",
 keywords = {Dark matter, Solid-state detectors, Neutrino muon pion and other elementary particle detectors, cosmic ray detectors},
     year = 2014,
    month = jun,
   volume = 112,
   number = 24,
      eid = {241302},
    pages = {241302},
      doi = {10.1103/PhysRevLett.112.241302},
   adsurl = {http://adsabs.harvard.edu/abs/2014PhRvL.112x1302A},
  adsnote = {Provided by the SAO/NASA Astrophysics Data System}
}

@article{Mac&Gordon,
   author = {{Macias}, O. and {Gordon}, C.},
    title = "{Contribution of cosmic rays interacting with molecular clouds to the Galactic Center gamma-ray excess}",
  journal = {Phys Rev D},
archivePrefix = "arXiv",
   eprint = {1312.6671},
 primaryClass = "astro-ph.HE",
 keywords = {Dark matter},
     year = 2014,
    month = mar,
   volume = 89,
   number = 6,
      eid = {063515},
    pages = {063515},
      doi = {10.1103/PhysRevD.89.063515},
   adsurl = {http://adsabs.harvard.edu/abs/2014PhRvD..89f3515M},
  adsnote = {Provided by the SAO/NASA Astrophysics Data System}
}


@article{Gordon&Mac,
	Adsnote = {Provided by the SAO/NASA Astrophysics Data System},
	Adsurl = {http://adsabs.harvard.edu/abs/2013PhRvD..88h3521G},
	Archiveprefix = {arXiv},
	Author = {{Gordon}, C. and {Mac{\'{\i}}as}, O.},
	Doi = {10.1103/PhysRevD.88.083521},
	Eid = {083521},
	Eprint = {1306.5725},
	Journal = {Phys Rev D},
	Keywords = {Dark matter, Cosmology},
	Month = oct,
	Number = 8,
	Pages = {083521},
	Primaryclass = {astro-ph.HE},
	Volume = 88,
	Year = 2013,
	Bdsk-Url-1 = {http://dx.doi.org/10.1103/PhysRevD.88.083521}}

@article{Abaz&Kap,
	Adsnote = {Provided by the SAO/NASA Astrophysics Data System},
	Adsurl = {http://adsabs.harvard.edu/abs/2012PhRvD..86h3511A},
	Archiveprefix = {arXiv},
	Author = {{Abazajian}, K.~N. and {Kaplinghat}, M.},
	Doi = {10.1103/PhysRevD.86.083511},
	Eid = {083511},
	Eprint = {1207.6047},
	Journal = {Phys Rev D},
	Keywords = {Dark matter, X- and gamma-ray telescopes and instrumentation, gamma-ray, Pulsars},
	Month = oct,
	Number = 8,
	Pages = {083511},
	Primaryclass = {astro-ph.HE},
	Volume = 86,
	Year = 2012,
	Bdsk-Url-1 = {http://dx.doi.org/10.1103/PhysRevD.86.083511}}

@article{Boyarsky,
	Adsnote = {Provided by the SAO/NASA Astrophysics Data System},
	Adsurl = {http://adsabs.harvard.edu/abs/2011PhLB..705..165B},
	Archiveprefix = {arXiv},
	Author = {{Boyarsky}, A. and {Malyshev}, D. and {Ruchayskiy}, O.},
	Date-Modified = {2014-03-17 22:06:51 +0000},
	Doi = {10.1016/j.physletb.2011.10.014},
	Eprint = {1012.5839},
	Journal = {Physics Letters B},
	Month = nov,
	Pages = {165-169},
	Primaryclass = {hep-ph},
	Volume = 705,
	Year = 2011,
	Bdsk-Url-1 = {http://dx.doi.org/10.1016/j.physletb.2011.10.014}}

@article{Hooper&Linden,
	Adsnote = {Provided by the SAO/NASA Astrophysics Data System},
	Adsurl = {http://adsabs.harvard.edu/abs/2011PhRvD..84l3005H},
	Archiveprefix = {arXiv},
	Author = {{Hooper}, D. and {Linden}, T.},
	Doi = {10.1103/PhysRevD.84.123005},
	Eid = {123005},
	Eprint = {1110.0006},
	Journal = {Phys Rev D},
	Keywords = {gamma-ray, Dark matter, X- and gamma-ray telescopes and instrumentation},
	Month = dec,
	Number = 12,
	Pages = {123005},
	Primaryclass = {astro-ph.HE},
	Volume = 84,
	Year = 2011,
	Bdsk-Url-1 = {http://dx.doi.org/10.1103/PhysRevD.84.123005}}

@article{Good&Hooper,
   author = {{Goodenough}, L. and {Hooper}, D.},
    title = "{Possible Evidence For Dark Matter Annihilation In The Inner Milky Way From The Fermi Gamma Ray Space Telescope}",
  journal = {ArXiv e-prints:0910.2998},
archivePrefix = "arXiv",
   eprint = {0910.2998},
 primaryClass = "hep-ph",
 keywords = {High Energy Physics - Phenomenology},
     year = 2009,
    month = oct,
   adsurl = {http://adsabs.harvard.edu/abs/2009arXiv0910.2998G},
  adsnote = {Provided by the SAO/NASA Astrophysics Data System}
}

@article{Hooper&Good,
	Adsnote = {Provided by the SAO/NASA Astrophysics Data System},
	Adsurl = {http://adsabs.harvard.edu/abs/2011PhLB..697..412H},
	Archiveprefix = {arXiv},
	Author = {{Hooper}, D. and {Goodenough}, L.},
	Doi = {10.1016/j.physletb.2011.02.029},
	Eprint = {1010.2752},
	Journal = {Physics Letters B},
	Month = mar,
	Pages = {412-428},
	Primaryclass = {hep-ph},
	Volume = 697,
	Year = 2011,
	Bdsk-Url-1 = {http://dx.doi.org/10.1016/j.physletb.2011.02.029}}

@article{Modak,
   author = {{Prasad Modak}, K. and {Majumdar}, D. and {Rakshit}, S.},
    title = "{A possible explanation of low energy {$\gamma$}-ray excess from galactic centre and Fermi bubble by a Dark Matter model with two real scalars}",
  journal = {JCAP},
archivePrefix = "arXiv",
   eprint = {1312.7488},
 primaryClass = "hep-ph",
     year = 2015,
    month = mar,
   volume = 3,
      eid = {011},
    pages = {011},
      doi = {10.1088/1475-7516/2015/03/011},
   adsurl = {http://adsabs.harvard.edu/abs/2015JCAP...03..011P},
  adsnote = {Provided by the SAO/NASA Astrophysics Data System}
}

@article{Griest&Seckel,
	Adsnote = {Provided by the SAO/NASA Astrophysics Data System},
	Adsurl = {http://adsabs.harvard.edu/abs/1987NuPhB.283..681G},
	Author = {{Griest}, K. and {Seckel}, D.},
	Date-Modified = {2014-03-07 15:25:33 +0000},
	Doi = {10.1016/0550-3213(87)90293-8},
	Journal = {Nuclear Physics B},
	Pages = {681-705},
	Volume = 283,
	Year = 1987,
	Bdsk-Url-1 = {http://dx.doi.org/10.1016/0550-3213(87)90293-8}}

@article{MESA2,
	Author = {{Paxton}, B. and {Cantiello}, M. and {Arras}, P. and {\it{et al.}}},
	Date-Added = {2014-03-03 23:42:41 +0000},
	Date-Modified = {2014-03-07 15:26:55 +0000},
	Journal = {ApJ Supplement Series},
	Year = {2013}}

@webpage{MESAsite,
	Date-Added = {2014-03-03 23:39:23 +0000},
	Date-Modified = {2014-03-20 20:57:52 +0000},
	Lastchecked = {March 3, 2014},
	Title = {MESA: Modules for Experiments in Stellar Astrophysics \newline http://mesa.sourceforge.net/index.html},
	Bdsk-Url-1 = {http://mesa.sourceforge.net/index.html}}

@article{MESA1,
	Adsnote = {Provided by the SAO/NASA Astrophysics Data System},
	Adsurl = {http://adsabs.harvard.edu/abs/2011ApJS..192....3P},
	Archiveprefix = {arXiv},
	Author = {{Paxton}, B. and {Bildsten}, L. and {Dotter}, A. and {\it{et al.}}},
	Date-Modified = {2014-03-17 22:09:06 +0000},
	Doi = {10.1088/0067-0049/192/1/3},
	Eid = {3},
	Eprint = {1009.1622},
	Journal = {ApJ Supplement Series},
	Keywords = {methods: numerical, stars: evolution, stars: general},
	Month = jan,
	Pages = {3},
	Primaryclass = {astro-ph.SR},
	Volume = 192,
	Year = 2011,
	Bdsk-Url-1 = {http://dx.doi.org/10.1088/0067-0049/192/1/3}}

@webpage{BergeronSite,
	Author = {{Bergeron}, P. and {Fontaine}, G. and {Tremblay}, P.~E. and {Kowalski}, P.~M.},
	Date-Added = {2014-02-25 17:28:06 +0000},
	Date-Modified = {2014-03-20 20:58:38 +0000},
	Lastchecked = {February 25, 2014},
	Title = {Synthetic Colors and Evolutionary Sequences of Hydrogen- and Helium-Atmosphere White Dwarfs http://www.astro.umontreal.ca/~bergeron/CoolingModels},
	Bdsk-Url-1 = {http://www.astro.umontreal.ca/~bergeron/CoolingModels}}

@article{Bergeron,
	Adsnote = {Provided by the SAO/NASA Astrophysics Data System},
	Adsurl = {http://adsabs.harvard.edu/abs/2011ApJ...737...28B},
	Archiveprefix = {arXiv},
	Author = {{Bergeron}, P. and {Wesemael}, F. and {Dufour}, P. and {\it{et al.}}},
	Date-Modified = {2014-03-17 22:08:01 +0000},
	Doi = {10.1088/0004-637X/737/1/28},
	Eid = {28},
	Eprint = {1105.5433},
	Journal = {ApJ},
	Keywords = {stars: abundances, stars: evolution, stars: fundamental parameters, stars: luminosity function, mass function, stars: oscillations, white dwarfs},
	Month = aug,
	Pages = {28},
	Primaryclass = {astro-ph.SR},
	Volume = 737,
	Year = 2011,
	Bdsk-Url-1 = {http://dx.doi.org/10.1088/0004-637X/737/1/28}}

@article{Kowalski,
	Adsnote = {Provided by the SAO/NASA Astrophysics Data System},
	Adsurl = {http://adsabs.harvard.edu/abs/2006ApJ...651L.137K},
	Author = {{Kowalski}, P.~M. and {Saumon}, D.},
	Date-Modified = {2014-03-07 15:26:24 +0000},
	Doi = {10.1086/509723},
	Eprint = {astro-ph/0609720},
	Journal = {APJ Letters},
	Keywords = {Atomic Processes, Line: Profiles, Stars: Atmospheres, Stars: White Dwarfs},
	Month = nov,
	Pages = {L137-L140},
	Volume = 651,
	Year = 2006,
	Bdsk-Url-1 = {http://dx.doi.org/10.1086/509723}}

@article{Holberg,
	Adsnote = {Provided by the SAO/NASA Astrophysics Data System},
	Adsurl = {http://adsabs.harvard.edu/abs/2006AJ....132.1221H},
	Author = {{Holberg}, J.~B. and {Bergeron}, P.},
	Date-Modified = {2014-03-07 15:26:03 +0000},
	Doi = {10.1086/505938},
	Journal = {The Astronomical Journal},
	Keywords = {Standards, Stars: Fundamental Parameters, Stars: Individual: Name: Vega, Techniques: Photometric, Stars: White Dwarfs},
	Month = sep,
	Pages = {1221-1233},
	Volume = 132,
	Year = 2006,
	Bdsk-Url-1 = {http://dx.doi.org/10.1086/505938}}

@article{HansenReview,
	Adsnote = {Provided by the SAO/NASA Astrophysics Data System},
	Adsurl = {http://adsabs.harvard.edu/abs/2003ARA%26A..41..465H},
	Author = {{Hansen}, B.~M.~S. and {Liebert}, J.},
	Date-Modified = {2014-03-07 15:25:43 +0000},
	Doi = {10.1146/annurev.astro.41.081401.155117},
	Journal = {ARAA},
	Pages = {465-515},
	Volume = 41,
	Year = 2003,
	Bdsk-Url-1 = {http://dx.doi.org/10.1146/annurev.astro.41.081401.155117}}

@article{Gratton2012,
	Adsnote = {Provided by the SAO/NASA Astrophysics Data System},
	Adsurl = {http://adsabs.harvard.edu/abs/2012A%26ARv..20...50G},
	Archiveprefix = {arXiv},
	Author = {{Gratton}, R.~G. and {Carretta}, E. and {Bragaglia}, A.},
	Date-Modified = {2014-03-07 15:25:24 +0000},
	Doi = {10.1007/s00159-012-0050-3},
	Eprint = {1201.6526},
	Journal = {AAPR},
	Keywords = {Galaxy: general, Globular Clusters, Halo, Stars: abundances, Hertzsprung-Russell and C-M diagrams, Hertzsprung-Russell and C-M diagrams},
	Month = feb,
	Pages = {50},
	Primaryclass = {astro-ph.SR},
	Volume = 20,
	Year = 2012,
	Bdsk-Url-1 = {http://dx.doi.org/10.1007/s00159-012-0050-3}}

@article{Foot,
	Adsnote = {Provided by the SAO/NASA Astrophysics Data System},
	Adsurl = {http://adsabs.harvard.edu/abs/2013PhRvD..88b5032F},
	Archiveprefix = {arXiv},
	Author = {{Foot}, R.},
	Date-Modified = {2014-03-07 15:25:07 +0000},
	Doi = {10.1103/PhysRevD.88.025032},
	Eid = {025032},
	Eprint = {1209.5602},
	Journal = {Phys Rev D},
	Keywords = {Models beyond the standard model},
	Month = jul,
	Number = 2,
	Pages = {025032},
	Primaryclass = {hep-ph},
	Volume = 88,
	Year = 2013,
	Bdsk-Url-1 = {http://dx.doi.org/10.1103/PhysRevD.88.025032}}

@article{Kelso,
	Adsnote = {Provided by the SAO/NASA Astrophysics Data System},
	Adsurl = {http://adsabs.harvard.edu/abs/2012PhRvD..85d3515K},
	Archiveprefix = {arXiv},
	Author = {{Kelso}, C. and {Hooper}, D. and {Buckley}, M.~R.},
	Date-Modified = {2014-03-07 15:26:18 +0000},
	Doi = {10.1103/PhysRevD.85.043515},
	Eid = {043515},
	Eprint = {1110.5338},
	Journal = {Phys Rev D},
	Keywords = {Dark matter},
	Month = feb,
	Number = 4,
	Pages = {043515},
	Primaryclass = {astro-ph.CO},
	Volume = 85,
	Year = 2012,
	Bdsk-Url-1 = {http://dx.doi.org/10.1103/PhysRevD.85.043515}}

@article{Gratton,
	Adsnote = {Provided by the SAO/NASA Astrophysics Data System},
	Adsurl = {http://adsabs.harvard.edu/abs/2004ARA%26A..42..385G},
	Author = {{Gratton}, R. and {Sneden}, C. and {Carretta}, E.},
	Date-Modified = {2014-03-07 15:25:18 +0000},
	Doi = {10.1146/annurev.astro.42.053102.133945},
	Journal = {ARAA},
	Month = sep,
	Pages = {385-440},
	Volume = 42,
	Year = 2004,
	Bdsk-Url-1 = {http://dx.doi.org/10.1146/annurev.astro.42.053102.133945}}

@article{Con&Sperg,
	Adsnote = {Provided by the SAO/NASA Astrophysics Data System},
	Adsurl = {http://adsabs.harvard.edu/abs/2011ApJ...726...36C},
	Archiveprefix = {arXiv},
	Author = {{Conroy}, C. and {Spergel}, D.~N.},
	Date-Modified = {2014-03-07 15:24:31 +0000},
	Doi = {10.1088/0004-637X/726/1/36},
	Eid = {36},
	Eprint = {1005.4934},
	Journal = {ApJ},
	Keywords = {globular clusters: general, stars: evolution},
	Month = jan,
	Pages = {36},
	Primaryclass = {astro-ph.GA},
	Volume = 726,
	Year = 2011,
	Bdsk-Url-1 = {http://dx.doi.org/10.1088/0004-637X/726/1/36}}

@article{DeMarchi,
	Adsnote = {Provided by the SAO/NASA Astrophysics Data System},
	Adsurl = {http://adsabs.harvard.edu/abs/2000ApJ...530..342D},
	Author = {{De Marchi}, G. and {Paresce}, F. and {Pulone}, L.},
	Date-Modified = {2014-03-07 15:24:51 +0000},
	Doi = {10.1086/308334},
	Eprint = {astro-ph/9908251},
	Journal = {ApJ},
	Keywords = {GALAXY: GLOBULAR CLUSTERS: INDIVIDUAL: NGC NUMBER: NGC 6397, STARS: COLOR-MAGNITUDE DIAGRAMS: H-R DIAGRAM, STARS: LUMINOSITY FUNCTION, MASS FUNCTION},
	Month = feb,
	Pages = {342-351},
	Volume = 530,
	Year = 2000,
	Bdsk-Url-1 = {http://dx.doi.org/10.1086/308334}}

@article{Stello,
	Adsnote = {Provided by the SAO/NASA Astrophysics Data System},
	Adsurl = {http://adsabs.harvard.edu/abs/2009ApJ...700..949S},
	Archiveprefix = {arXiv},
	Author = {{Stello}, D. and {Gilliland}, R.~L.},
	Date-Modified = {2014-03-07 15:27:42 +0000},
	Doi = {10.1088/0004-637X/700/2/949},
	Eprint = {0905.3745},
	Journal = {ApJ},
	Keywords = {open clusters and associations: individual: NGC 6397, stars: fundamental parameters, stars: interiors, stars: oscillations, techniques: photometric},
	Month = aug,
	Pages = {949-955},
	Primaryclass = {astro-ph.SR},
	Volume = 700,
	Year = 2009,
	Bdsk-Url-1 = {http://dx.doi.org/10.1088/0004-637X/700/2/949}}

@inbook{Lopes,
	Author = {I. P. LOPES},
	Booktitle = {New Worlds in Astroparticle Physics},
	Chapter = {30},
	Date-Added = {2014-02-18 20:04:35 +0000},
	Date-Modified = {2014-03-07 15:26:31 +0000},
	Doi = {10.1142/9789812791160_0030},
	Eprint = {http://www.worldscientific.com/doi/pdf/10.1142/9789812791160_0030},
	Pages = {306-318},
	Url = {http://www.worldscientific.com/doi/abs/10.1142/9789812791160_0030},
	Bdsk-Url-1 = {http://www.worldscientific.com/doi/abs/10.1142/9789812791160_0030},
	Bdsk-Url-2 = {http://dx.doi.org/10.1142/9789812791160_0030}}

@article{CDMS-Si,
   author = {{CDMS Collaboration} and {Agnese}, R. and {Ahmed}, Z. and {Anderson}, A.~J. and 
	{Arrenberg}, S. and {Balakishiyeva}, D. and {Basu Thakur}, R. and 
	{Bauer}, D.~A. and {Billard}, J. and {\it{et al.}}},
    title = "{Silicon Detector Dark Matter Results from the Final Exposure of CDMS II}",
  journal = {ArXiv e-prints:1304.4279},
archivePrefix = "arXiv",
   eprint = {1304.4279},
 primaryClass = "hep-ex",
 keywords = {High Energy Physics - Experiment, Astrophysics - Cosmology and Extragalactic Astrophysics, Astrophysics - Instrumentation and Methods for Astrophysics, Physics - Instrumentation and Detectors},
     year = 2013,
    month = apr,
   adsurl = {http://adsabs.harvard.edu/abs/2013arXiv1304.4279C},
  adsnote = {Provided by the SAO/NASA Astrophysics Data System}
}

@article{CoGent,
	Adsnote = {Provided by the SAO/NASA Astrophysics Data System},
	Adsurl = {http://adsabs.harvard.edu/abs/2013PhRvD..88a2002A},
	Archiveprefix = {arXiv},
	Author = {{Aalseth}, C.~E. and {Barbeau}, P.~S. and {Colaresi}, J. and {Collar}, J.~I. and {Diaz Leon}, J. and {Fast}, J.~E. and {Fields}, N.~E. and {\it{et al.}}},
	Doi = {10.1103/PhysRevD.88.012002},
	Eid = {012002},
	Eprint = {1208.5737},
	Journal = {Phys Rev D},
	Keywords = {Semiconductor devices, Dark matter},
	Month = jul,
	Number = 1,
	Pages = {012002},
	Primaryclass = {astro-ph.CO},
	Volume = 88,
	Year = 2013,
	Bdsk-Url-1 = {http://dx.doi.org/10.1103/PhysRevD.88.012002}}

@article{Conroy,
	Adsnote = {Provided by the SAO/NASA Astrophysics Data System},
	Adsurl = {http://adsabs.harvard.edu/abs/2011ApJ...741...72C},
	Archiveprefix = {arXiv},
	Author = {{Conroy}, C. and {Loeb}, A. and {Spergel}, D.~N.},
	Date-Modified = {2014-03-07 15:24:37 +0000},
	Doi = {10.1088/0004-637X/741/2/72},
	Eid = {72},
	Eprint = {1010.5783},
	Journal = {ApJ},
	Keywords = {dark matter, globular clusters: general},
	Month = nov,
	Pages = {72},
	Primaryclass = {astro-ph.GA},
	Volume = 741,
	Year = 2011,
	Bdsk-Url-1 = {http://dx.doi.org/10.1088/0004-637X/741/2/72}}

@article{CRESST,
	Adsnote = {Provided by the SAO/NASA Astrophysics Data System},
	Adsurl = {http://adsabs.harvard.edu/abs/2012EPJC...72.1971A},
	Archiveprefix = {arXiv},
	Author = {{Angloher}, G. and {Bauer}, M. and {Bavykina}, I. and {\it {et al.}}},
	Date-Modified = {2014-03-07 15:24:44 +0000},
	Doi = {10.1140/epjc/s10052-012-1971-8},
	Eprint = {1109.0702},
	Journal = {European Physical Journal C},
	Month = apr,
	Pages = {1971},
	Primaryclass = {astro-ph.CO},
	Volume = 72,
	Year = 2012,
	Bdsk-Url-1 = {http://dx.doi.org/10.1140/epjc/s10052-012-1971-8}}

@article{Fontaine,
	Adsnote = {Provided by the SAO/NASA Astrophysics Data System},
	Adsurl = {http://adsabs.harvard.edu/abs/2001PASP..113..409F},
	Author = {{Fontaine}, G. and {Brassard}, P. and {Bergeron}, P.},
	Date-Modified = {2014-03-07 15:25:01 +0000},
	Doi = {10.1086/319535},
	Journal = {PASP},
	Keywords = {Galaxy: Fundamental Parameters, Galaxy: Halo, Galaxy: Globular Clusters: General, Invited Reviews, Galaxy: Solar Neighborhood, Stars: Atmospheres, Stars: Evolution, Stars: White Dwarfs},
	Month = apr,
	Pages = {409-435},
	Volume = 113,
	Year = 2001,
	Bdsk-Url-1 = {http://dx.doi.org/10.1086/319535}}

@article{Hansen,
	Adsnote = {Provided by the SAO/NASA Astrophysics Data System},
	Adsurl = {http://adsabs.harvard.edu/abs/2007ApJ...671..380H},
	Author = {{Hansen}, B.~M.~S. and {Anderson}, J. and {Brewer}, J. and {\it {et al.}}},
	Date-Modified = {2014-03-07 15:25:38 +0000},
	Doi = {10.1086/522567},
	Eprint = {astro-ph/0701738},
	Journal = {ApJ},
	Keywords = {Galaxy: Halo, Galaxy: Globular Clusters: Individual: NGC Number: NGC 6397, Stars: Luminosity Function, Mass Function, Stars: Population II, Stars: White Dwarfs},
	Month = dec,
	Pages = {380-401},
	Volume = 671,
	Year = 2007,
	Bdsk-Url-1 = {http://dx.doi.org/10.1086/522567}}

@article{Harris,
	Adsnote = {Provided by the SAO/NASA Astrophysics Data System},
	Adsurl = {http://adsabs.harvard.edu/abs/1996AJ....112.1487H},
	Author = {{Harris}, W.~E.},
	Date-Modified = {2014-03-07 15:25:49 +0000},
	Doi = {10.1086/118116},
	Journal = {The Astronomical Journal},
	Keywords = {GLOBULAR CLUSTERS: GENERAL, CATALOGS},
	Month = oct,
	Pages = {1487},
	Volume = 112,
	Year = 1996,
	Bdsk-Url-1 = {http://dx.doi.org/10.1086/118116}}

@article{Heyl,
	Adsnote = {Provided by the SAO/NASA Astrophysics Data System},
	Adsurl = {http://adsabs.harvard.edu/abs/2012ApJ...761...51H},
	Archiveprefix = {arXiv},
	Author = {{Heyl}, J.~S. and {Richer}, H. and {Anderson}, J. and {\it {et al.}}},
	Date-Modified = {2014-03-07 15:25:54 +0000},
	Doi = {10.1088/0004-637X/761/1/51},
	Eid = {51},
	Eprint = {1210.0826},
	Journal = {ApJ},
	Keywords = {astrometry, celestial mechanics, globular clusters: individual: NGC 6397},
	Month = dec,
	Pages = {51},
	Primaryclass = {astro-ph.SR},
	Volume = 761,
	Year = 2012,
	Bdsk-Url-1 = {http://dx.doi.org/10.1088/0004-637X/761/1/51}}

@article{Hooper,
	Adsnote = {Provided by the SAO/NASA Astrophysics Data System},
	Adsurl = {http://adsabs.harvard.edu/abs/2010PhRvD..81j3531H},
	Archiveprefix = {arXiv},
	Author = {{Hooper}, D. and {Spolyar}, D. and {Vallinotto}, A. and {Gnedin}, N.~Y.},
	Date-Modified = {2014-03-07 15:26:08 +0000},
	Doi = {10.1103/PhysRevD.81.103531},
	Eid = {103531},
	Eprint = {1002.0005},
	Journal = {Phys Rev D},
	Keywords = {Dark matter, Faint blue stars white dwarfs degenerate stars nuclei of planetary nebulae},
	Month = may,
	Number = 10,
	Pages = {103531},
	Primaryclass = {hep-ph},
	Volume = 81,
	Year = 2010,
	Bdsk-Url-1 = {http://dx.doi.org/10.1103/PhysRevD.81.103531}}

@article{Jungman,
	Adsnote = {Provided by the SAO/NASA Astrophysics Data System},
	Adsurl = {http://adsabs.harvard.edu/abs/1996PhR...267..195J},
	Author = {{Jungman}, G. and {Kamionkowski}, M. and {Griest}, K.},
	Date-Modified = {2014-03-07 15:26:13 +0000},
	Doi = {10.1016/0370-1573(95)00058-5},
	Eprint = {hep-ph/9506380},
	Journal = {Physics Reports},
	Month = mar,
	Pages = {195-373},
	Volume = 267,
	Year = 1996,
	Bdsk-Url-1 = {http://dx.doi.org/10.1016/0370-1573(95)00058-5}}

@article{LUX,
   author = {{LUX Collaboration} and {Akerib}, D.~S. and {Araujo}, H.~M. and 
	{Bai}, X. and {Bailey}, A.~J. and {Balajthy}, J. and {Bedikian}, S. and 
	{Bernard}, E. and {Bernstein}, A. and {\it{et al.}}},
    title = "{First results from the LUX dark matter experiment at the Sanford Underground Research Facility}",
  journal = {ArXiv e-prints:1310.8214},
archivePrefix = "arXiv",
   eprint = {1310.8214},
 primaryClass = "astro-ph.CO",
 keywords = {Astrophysics - Cosmology and Extragalactic Astrophysics, Astrophysics - Instrumentation and Methods for Astrophysics, High Energy Physics - Experiment, Physics - Instrumentation and Detectors},
     year = 2013,
    month = oct,
   adsurl = {http://adsabs.harvard.edu/abs/2013arXiv1310.8214L},
  adsnote = {Provided by the SAO/NASA Astrophysics Data System}
}

@article{Peter,
	Adsnote = {Provided by the SAO/NASA Astrophysics Data System},
	Adsurl = {http://adsabs.harvard.edu/abs/2011PhRvD..83l5029P},
	Archiveprefix = {arXiv},
	Author = {{Peter}, A.~H.~G.},
	Date-Modified = {2014-03-07 15:27:13 +0000},
	Doi = {10.1103/PhysRevD.83.125029},
	Eid = {125029},
	Eprint = {1103.5145},
	Journal = {Phys Rev D},
	Keywords = {Data analysis: algorithms and implementation, data management, Other particles, Dark matter, Kinematics dynamics and rotation},
	Month = jun,
	Number = 12,
	Pages = {125029},
	Primaryclass = {astro-ph.CO},
	Volume = 83,
	Year = 2011,
	Bdsk-Url-1 = {http://dx.doi.org/10.1103/PhysRevD.83.125029}}

@article{Savage,
	Adsnote = {Provided by the SAO/NASA Astrophysics Data System},
	Adsurl = {http://adsabs.harvard.edu/abs/2009JCAP...09..036S},
	Archiveprefix = {arXiv},
	Author = {{Savage}, C. and {Freese}, K. and {Gondolo}, P. and {Spolyar}, D.},
	Date-Modified = {2014-03-07 15:27:28 +0000},
	Doi = {10.1088/1475-7516/2009/09/036},
	Eid = {036},
	Eprint = {0901.2713},
	Journal = {JCAP},
	Month = sep,
	Pages = {36},
	Primaryclass = {astro-ph.CO},
	Volume = 9,
	Year = 2009,
	Bdsk-Url-1 = {http://dx.doi.org/10.1088/1475-7516/2009/09/036}}

@article{Shin,
	Adsnote = {Provided by the SAO/NASA Astrophysics Data System},
	Adsurl = {http://adsabs.harvard.edu/abs/2013JKAS...46..173S},
	Author = {{Shin}, J. and {Kim}, S.~S. and {Lee}, Y.-W.},
	Date-Modified = {2014-03-07 15:27:36 +0000},
	Journal = {Journal of Korean Astronomical Society},
	Keywords = {Galaxy: evolution, Galaxy: formation, Galaxy: kinematics and dynamics, globular clusters: general, methods: numerical},
	Month = aug,
	Pages = {173-181},
	Volume = 46,
	Year = 2013}

@article{Zentner,
	Adsnote = {Provided by the SAO/NASA Astrophysics Data System},
	Adsurl = {http://adsabs.harvard.edu/abs/2009PhRvD..80f3501Z},
	Archiveprefix = {arXiv},
	Author = {{Zentner}, A.~R.},
	Date-Modified = {2014-03-07 15:27:52 +0000},
	Doi = {10.1103/PhysRevD.80.063501},
	Eid = {063501},
	Eprint = {0907.3448},
	Journal = {Phys Rev D},
	Keywords = {Dark matter, Elementary particle processes, Neutrino muon pion and other elementary particle detectors, cosmic ray detectors, Galactic halo},
	Month = sep,
	Number = 6,
	Pages = {063501},
	Primaryclass = {astro-ph.HE},
	Volume = 80,
	Year = 2009,
	Bdsk-Url-1 = {http://dx.doi.org/10.1103/PhysRevD.80.063501}}

@article{Zentner2011,
	Adsnote = {Provided by the SAO/NASA Astrophysics Data System},
	Adsurl = {http://adsabs.harvard.edu/abs/2011PhRvD..84j1302Z},
	Archiveprefix = {arXiv},
	Author = {{Zentner}, A.~R. and {Hearin}, A.~P.},
	Doi = {10.1103/PhysRevD.84.101302},
	Eid = {101302},
	Eprint = {1110.5919},
	Journal = {Phys Rev D},
	Keywords = {Dark matter, Stellar structure interiors evolution nucleosynthesis ages, Luminosity and mass functions, Low luminosity stars subdwarfs and brown dwarfs},
	Month = nov,
	Number = 10,
	Pages = {101302},
	Primaryclass = {astro-ph.CO},
	Volume = 84,
	Year = 2011,
	Bdsk-Url-1 = {http://dx.doi.org/10.1103/PhysRevD.84.101302}}

@article{Fairbairn,
	Adsnote = {Provided by the SAO/NASA Astrophysics Data System},
	Adsurl = {http://adsabs.harvard.edu/abs/2009JCAP...01..037F},
	Archiveprefix = {arXiv},
	Author = {{Fairbairn}, M. and {Schwetz}, T.},
	Date-Modified = {2014-03-07 15:24:56 +0000},
	Doi = {10.1088/1475-7516/2009/01/037},
	Eid = {037},
	Eprint = {0808.0704},
	Journal = {JCAP},
	Month = jan,
	Pages = {37},
	Primaryclass = {hep-ph},
	Volume = 1,
	Year = 2009,
	Bdsk-Url-1 = {http://dx.doi.org/10.1088/1475-7516/2009/01/037}}

@article{Planck,
	Adsnote = {Provided by the SAO/NASA Astrophysics Data System},
	Adsurl = {http://adsabs.harvard.edu/abs/2013arXiv1303.5076P},
	Archiveprefix = {arXiv},
	Author = {{Planck Collaboration} and {Ade}, P.~A.~R. and {Aghanim}, N. and {\it{et al.}}},
	Date-Modified = {2014-03-07 15:27:22 +0000},
	Eprint = {1303.5076},
	Journal = {ArXiv e-prints},
	Keywords = {Astrophysics - Cosmology and Extragalactic Astrophysics},
	Month = mar,
	Primaryclass = {astro-ph.CO},
	Year = 2013}

@article{WMAP9,
	Adsnote = {Provided by the SAO/NASA Astrophysics Data System},
	Adsurl = {http://adsabs.harvard.edu/abs/2013ApJS..208...19H},
	Archiveprefix = {arXiv},
	Author = {{Hinshaw}, G. and {Larson}, D. and {Komatsu}, E. and {\it{et al.}}},
	Date-Modified = {2014-03-07 15:27:47 +0000},
	Doi = {10.1088/0067-0049/208/2/19},
	Eid = {19},
	Eprint = {1212.5226},
	Journal = {APJS},
	Keywords = {cosmic background radiation, cosmology: observations, dark matter, early universe, instrumentation: detectors, space vehicles, space vehicles: instruments, telescopes},
	Month = oct,
	Pages = {19},
	Primaryclass = {astro-ph.CO},
	Volume = 208,
	Year = 2013,
	Bdsk-Url-1 = {http://dx.doi.org/10.1088/0067-0049/208/2/19}}

@article{Zurek,
   author = {{Gresham}, M.~I. and {Zurek}, K.~M.},
    title = "{Light dark matter anomalies after LUX}",
  journal = {Phys Rev D},
archivePrefix = "arXiv",
   eprint = {1311.2082},
 primaryClass = "hep-ph",
 keywords = {Dark matter, Elementary particle processes},
     year = 2014,
    month = jan,
   volume = 89,
   number = 1,
      eid = {016017},
    pages = {016017},
      doi = {10.1103/PhysRevD.89.016017},
   adsurl = {http://adsabs.harvard.edu/abs/2014PhRvD..89a6017G},
  adsnote = {Provided by the SAO/NASA Astrophysics Data System}
}

@ARTICLE{Hubble,
   author = {{Hubble}, E.},
  journal = {Proceedings of the National Academy of Science},
     year = 1929,
    month = mar,
   volume = 15,
    pages = {168-173},
      doi = {10.1073/pnas.15.3.168},
   adsurl = {http://adsabs.harvard.edu/abs/1929PNAS...15..168H},
  adsnote = {Provided by the SAO/NASA Astrophysics Data System}
}

@BOOK{Kolb&Turner,
   author = {{Kolb}, E.~W. and {Turner}, M.~S.},
 keywords = {Elementary Particles: Early Universe, Elementary Particles: Cosmology},
booktitle = {Front.~Phys., Vol.~69,},
     year = 1990,
   adsurl = {http://adsabs.harvard.edu/abs/1990eaun.book.....K},
  adsnote = {Provided by the SAO/NASA Astrophysics Data System}
}

@ARTICLE{Penzias&Wilson,
   author = {{Penzias}, A.~A. and {Wilson}, R.~W.},
  journal = {ApJ},
 keywords = {Microwave Background, Cosmic Background Radiation},
     year = 1965,
    month = jul,
   volume = 142,
    pages = {419-421},
      doi = {10.1086/148307},
   adsurl = {http://cdsads.u-strasbg.fr/abs/1965ApJ...142..419P},
  adsnote = {Provided by the SAO/NASA Astrophysics Data System}
}

@ARTICLE{Dicke,
   author = {{Dicke}, R.~H. and {Peebles}, P.~J.~E. and {Roll}, P.~G. and 
	{Wilkinson}, D.~T.},
  journal = {ApJ},
 keywords = {Big Bang},
     year = 1965,
    month = jul,
   volume = 142,
    pages = {414-419},
      doi = {10.1086/148306},
   adsurl = {http://cdsads.u-strasbg.fr/abs/1965ApJ...142..414D},
  adsnote = {Provided by the SAO/NASA Astrophysics Data System}
}

@ARTICLE{Zwicky,
   author = {{Zwicky}, F.},
  journal = {ApJ},
     year = 1937,
    month = oct,
   volume = 86,
    pages = {217},
      doi = {10.1086/143864},
   adsurl = {http://adsabs.harvard.edu/abs/1937ApJ....86..217Z},
  adsnote = {Provided by the SAO/NASA Astrophysics Data System}
}

@ARTICLE{Rubin2,
   author = {{Rubin}, V.~C. and {Thonnard}, N. and {Ford}, Jr., W.~K.},
  journal = {ApJ Letters},
 keywords = {Angular Velocity, Galactic Rotation, Galactic Structure, Luminous Intensity, Spiral Galaxies, Astrodynamics, Astronomical Models, Curves (Geometry), Galactic Radiation},
     year = 1978,
    month = nov,
   volume = 225,
    pages = {L107-L111},
      doi = {10.1086/182804},
   adsurl = {http://adsabs.harvard.edu/abs/1978ApJ...225L.107R},
  adsnote = {Provided by the SAO/NASA Astrophysics Data System}
}

@ARTICLE{Rubin3,
   author = {{Rubin}, V.~C. and {Ford}, Jr., W.~K. and {Thonnard}, N. and 
	{Burstein}, D.},
  journal = {ApJ},
 keywords = {Galactic Rotation, Galactic Structure, Spiral Galaxies, Angular Velocity, Barred Galaxies, Hubble Constant, Mass To Light Ratios},
     year = 1982,
    month = oct,
   volume = 261,
    pages = {439-456},
      doi = {10.1086/160355},
   adsurl = {http://adsabs.harvard.edu/abs/1982ApJ...261..439R},
  adsnote = {Provided by the SAO/NASA Astrophysics Data System}
}

@ARTICLE{Rubin1,
   author = {{Rubin}, V.~C. and {Ford}, Jr., W.~K.},
  journal = {ApJ},
     year = 1970,
    month = feb,
   volume = 159,
    pages = {379},
      doi = {10.1086/150317},
   adsurl = {http://adsabs.harvard.edu/abs/1970ApJ...159..379R},
  adsnote = {Provided by the SAO/NASA Astrophysics Data System}
}

@ARTICLE{Schmidt,
   author = {{Schmidt}, B.~P. and {Suntzeff}, N.~B. and {Phillips}, M.~M. and 
	{Schommer}, R.~A. and {Clocchiatti}, A. and {Kirshner}, R.~P. and 
	{Garnavich}, P. and {Challis}, P. and {Leibundgut}, B. and {Spyromilio}, J. and 
	{Riess}, A.~G. and {Filippenko}, A.~V. and {Hamuy}, M. and {Smith}, R.~C. and 
	{Hogan}, C. and {Stubbs}, C. and {Diercks}, A. and {Reiss}, D. and 
	{Gilliland}, R. and {Tonry}, J. and {Maza}, J. and {Dressler}, A. and 
	{Walsh}, J. and {Ciardullo}, R.},
  journal = {ApJ},
   eprint = {astro-ph/9805200},
 keywords = {COSMOLOGY: OBSERVATIONS, GALAXIES: DISTANCES AND REDSHIFTS, STARS: SUPERNOVAE: GENERAL, STARS: SUPERNOVAE: INDIVIDUAL: ALPHANUMERIC: SN 1995K, Cosmology: Observations, Galaxies: Distances and Redshifts, Stars: Supernovae: General, Stars: Supernovae: Individual: Alphanumeric: SN 1995K},
     year = 1998,
    month = nov,
   volume = 507,
    pages = {46-63},
      doi = {10.1086/306308},
   adsurl = {http://adsabs.harvard.edu/abs/1998ApJ...507...46S},
  adsnote = {Provided by the SAO/NASA Astrophysics Data System}
}

@ARTICLE{Perlmutter,
   author = {{Perlmutter}, S. and {Aldering}, G. and {Goldhaber}, G. and 
	{Knop}, R.~A. and {Nugent}, P. and {Castro}, P.~G. and {Deustua}, S. and 
	{Fabbro}, S. and \it{et al.}},
  journal = {ApJ},
   eprint = {astro-ph/9812133},
 keywords = {COSMOLOGY: OBSERVATIONS, COSMOLOGY: DISTANCE SCALE, STARS: SUPERNOVAE: GENERAL, Cosmology: Observations, Cosmology: Distance Scale, Stars: Supernovae: General},
     year = 1999,
    month = jun,
   volume = 517,
    pages = {565-586},
      doi = {10.1086/307221},
   adsurl = {http://adsabs.harvard.edu/abs/1999ApJ...517..565P},
  adsnote = {Provided by the SAO/NASA Astrophysics Data System}
}

@ARTICLE{Perlmutter_review,
   author = {{Perlmutter}, S.},
    title = "{Supernovae, Dark Energy, and the Accelerating Universe}",
  journal = {Physics Today},
 keywords = {supernovae, dark energy, cosmology, brightness, red shift, missing mass, measurement, design of experiments, scheduling, artificial satellites, infrared astronomy},
     year = 2003,
    month = apr,
   volume = 56,
   number = 4,
    pages = {53-62},
      doi = {10.1063/1.1580050},
   adsurl = {http://adsabs.harvard.edu/abs/2003PhT....56d..53P},
  adsnote = {Provided by the SAO/NASA Astrophysics Data System}
}

@ARTICLE{Coma1,
   author = {{Okabe}, N. and {Futamase}, T. and {Kajisawa}, M. and {Kuroshima}, R.
	},
  journal = {ApJ},
archivePrefix = "arXiv",
   eprint = {1304.2399},
 primaryClass = "astro-ph.CO",
 keywords = {galaxies: clusters: individual: Coma Cluster (A1656), gravitational lensing: weak, X-rays: galaxies: clusters},
     year = 2014,
    month = apr,
   volume = 784,
      eid = {90},
    pages = {90},
      doi = {10.1088/0004-637X/784/2/90},
   adsurl = {http://adsabs.harvard.edu/abs/2014ApJ...784...90O},
  adsnote = {Provided by the SAO/NASA Astrophysics Data System}
}

@INPROCEEDINGS{Coma2,
   author = {{Kalinova}, V. and {Gyulchev}, G.},
 keywords = {interplanetary matter, cosmology, collision processes, intergalactic matter, Interstellar dust grains, diffuse emission, infrared cirrus, Origin formation and abundances of the elements, Impact phenomena, Intergalactic matter, quasar absorption and emission-line systems, Lyman forest},
booktitle = {American Institute of Physics Conference Series},
     year = 2011,
   series = {American Institute of Physics Conference Series},
   volume = 1356,
   editor = {{Zhelyazkov}, I. and {Mishonov}, T.},
    month = jul,
    pages = {60-66},
      doi = {10.1063/1.3598093},
   adsurl = {http://adsabs.harvard.edu/abs/2011AIPC.1356...60K},
  adsnote = {Provided by the SAO/NASA Astrophysics Data System}
}

@ARTICLE{HurstWDGC,
   author = {{Hurst}, T.~J. and {Zentner}, A.~R. and {Natarajan}, A. and 
	{Badenes}, C.},
  journal = {Phys Rev D},
archivePrefix = "arXiv",
   eprint = {1410.3925},
 keywords = {Dark matter},
     year = 2015,
    month = may,
   volume = 91,
   number = 10,
      eid = {103514},
    pages = {103514},
      doi = {10.1103/PhysRevD.91.103514},
   adsurl = {http://adsabs.harvard.edu/abs/2015PhRvD..91j3514H},
  adsnote = {Provided by the SAO/NASA Astrophysics Data System}
}

